%% This BibTeX bibliography file was created using BibDesk.
%% http://bibdesk.sourceforge.net/


%% Created for Lukas Kubanek at 2014-06-16 01:21:26 +0200 


%% Saved with string encoding Unicode (UTF-8) 



@phdthesis{Mai12,
	Author = {Maier, Sonja},
	Date-Added = {2014-06-15 17:03:46 +0000},
	Date-Modified = {2014-06-15 18:05:50 +0000},
	Read = {0},
	School = {Universit{\"a}tsbibliothek der Universit{\"a}t der Bundeswehr},
	Title = {A Pattern-based Approach for the Combination of Different Layout Algorithms in Diagram Editors},
	Year = {2012},
	Bdsk-File-1 = {YnBsaXN0MDDUAQIDBAUGJCVYJHZlcnNpb25YJG9iamVjdHNZJGFyY2hpdmVyVCR0b3ASAAGGoKgHCBMUFRYaIVUkbnVsbNMJCgsMDxJXTlMua2V5c1pOUy5vYmplY3RzViRjbGFzc6INDoACgAOiEBGABIAFgAdccmVsYXRpdmVQYXRoWWFsaWFzRGF0YV8QlS4uLy4uLy4uL0Ryb3Bib3gvVFUgRHJlc2Rlbi9CYWNoZWxvciBUaGVzaXMgUmVhZGluZ3MvUGF0dGVybi1iYXNlZCBBcHByb2FjaCBmb3IgdGhlIENvbWJpbmF0aW9uIG9mIERpZmZlcmVudCBMYXlvdXQgQWxnb3JpdGhtcyBpbiBEaWFncmFtIEVkaXRvcnMucGRm0hcLGBlXTlMuZGF0YU8RAuAAAAAAAuAAAgAADE1hY2ludG9zaCBIRAAAAAAAAAAAAAAAAAAAAM6+gIFIKwAAANknvR9QYXR0ZXJuLWJhc2VkIEFwcHJvYSNEOThERjkucGRmAAAAAAAAAAAAAAAAAAAAAAAAAAAAAAAAAAAAAAAAAAAA2Y35z6o4mQAAAAAAAAAAAAMABAAACSAAAAAAAAAAAAAAAAAAAAAYQmFjaGVsb3IgVGhlc2lzIFJlYWRpbmdzABAACAAAzr5ycQAAABEACAAAz6oceQAAAAEAFADZJ70AEM6qAA9tigAPbW0AAACMAAIAaU1hY2ludG9zaCBIRDpVc2VyczoATHVrYXM6AERyb3Bib3g6AFRVIERyZXNkZW46AEJhY2hlbG9yIFRoZXNpcyBSZWFkaW5nczoAUGF0dGVybi1iYXNlZCBBcHByb2EjRDk4REY5LnBkZgAADgDCAGAAUABhAHQAdABlAHIAbgAtAGIAYQBzAGUAZAAgAEEAcABwAHIAbwBhAGMAaAAgAGYAbwByACAAdABoAGUAIABDAG8AbQBiAGkAbgBhAHQAaQBvAG4AIABvAGYAIABEAGkAZgBmAGUAcgBlAG4AdAAgAEwAYQB5AG8AdQB0ACAAQQBsAGcAbwByAGkAdABoAG0AcwAgAGkAbgAgAEQAaQBhAGcAcgBhAG0AIABFAGQAaQB0AG8AcgBzAC4AcABkAGYADwAaAAwATQBhAGMAaQBuAHQAbwBzAGgAIABIAEQAEgCYVXNlcnMvTHVrYXMvRHJvcGJveC9UVSBEcmVzZGVuL0JhY2hlbG9yIFRoZXNpcyBSZWFkaW5ncy9QYXR0ZXJuLWJhc2VkIEFwcHJvYWNoIGZvciB0aGUgQ29tYmluYXRpb24gb2YgRGlmZmVyZW50IExheW91dCBBbGdvcml0aG1zIGluIERpYWdyYW0gRWRpdG9ycy5wZGYAEwABLwAAFQACAAz//wAAgAbSGxwdHlokY2xhc3NuYW1lWCRjbGFzc2VzXU5TTXV0YWJsZURhdGGjHR8gVk5TRGF0YVhOU09iamVjdNIbHCIjXE5TRGljdGlvbmFyeaIiIF8QD05TS2V5ZWRBcmNoaXZlctEmJ1Ryb290gAEACAARABoAIwAtADIANwBAAEYATQBVAGAAZwBqAGwAbgBxAHMAdQB3AIQAjgEmASsBMwQXBBkEHgQpBDIEQAREBEsEVARZBGYEaQR7BH4EgwAAAAAAAAIBAAAAAAAAACgAAAAAAAAAAAAAAAAAAASF}}
