%% This BibTeX bibliography file was created using BibDesk.
%% http://bibdesk.sourceforge.net/


%% Created for Lukas Kubanek at 2014-09-16 19:06:20 +0200 


%% Saved with string encoding Unicode (UTF-8) 



@book{Fowler03UML-Distilled:,
	Author = {Fowler, Martin},
	Date-Added = {2014-09-16 16:53:10 +0000},
	Date-Modified = {2014-09-16 16:53:23 +0000},
	Edition = {3},
	Isbn = {0321193687},
	Publisher = {Addison-Wesley Longman Publishing Co., Inc.},
	Title = {UML Distilled: A Brief Guide to the Standard Object Modeling Language},
	Year = {2003}}

@webpage{Fowler03UML-as-Sketch,
	Author = {Martin Fowler},
	Date-Added = {2014-09-15 13:11:38 +0000},
	Date-Modified = {2014-09-15 13:11:38 +0000},
	Lastchecked = {19.06.2014},
	Title = {{UML as Sketch}},
	Url = {http://martinfowler.com/bliki/UmlAsSketch.html},
	Year = {2003},
	Bdsk-Url-1 = {http://martinfowler.com/bliki/UmlAsSketch.html}}

@book{ArlowNeustadt05UML-2-and-the-Unified,
	Author = {Arlow, J. and Neustadt, I.},
	Date-Added = {2014-09-11 11:04:49 +0000},
	Date-Modified = {2014-09-11 11:05:09 +0000},
	Isbn = {9780132702638},
	Publisher = {Pearson Education},
	Title = {UML 2 and the Unified Process: Practical Object-Oriented Analysis and Design},
	Year = {2005}}

@inproceedings{FrischHeydekorn10Diagram,
	Acmid = {1884759},
	Address = {Berlin, Heidelberg},
	Author = {Frisch, Mathias and Heydekorn, Jens and Dachselt, Raimund},
	Booktitle = {Proceedings of the 6th International Conference on Diagrammatic Representation and Inference},
	Date-Added = {2014-08-24 12:15:31 +0000},
	Date-Modified = {2014-08-29 18:55:29 +0000},
	Isbn = {3-642-14599-X, 978-3-642-14599-5},
	Location = {Portland, OR, USA},
	Numpages = {15},
	Pages = {182--196},
	Publisher = {Springer-Verlag},
	Series = {Diagrams'10},
	Title = {Diagram Editing on Interactive Displays Using Multi-touch and Pen Gestures},
	Year = {2010},
	Bdsk-Url-1 = {http://dl.acm.org/citation.cfm?id=1884734.1884759}}

@incollection{Branke01Dynamic,
	Author = {Branke, J{\"u}rgen},
	Booktitle = {Drawing Graphs},
	Date-Added = {2014-08-22 10:10:51 +0000},
	Date-Modified = {2014-08-22 10:13:11 +0000},
	Editor = {Kaufmann, Michael and Wagner, Dorothea},
	Isbn = {978-3-540-42062-0},
	Language = {English},
	Pages = {228-246},
	Publisher = {Springer Berlin Heidelberg},
	Series = {Lecture Notes in Computer Science},
	Title = {Dynamic Graph Drawing},
	Volume = {2025},
	Year = {2001},
	Bdsk-Url-1 = {http://dx.doi.org/10.1007/3-540-44969-8_9}}

@manual{14MindNode,
	Date-Added = {2014-08-01 07:33:54 +0000},
	Date-Modified = {2014-08-01 07:38:24 +0000},
	Organization = {IdeasOnCanvas},
	Title = {MindNode Pro 1.10 User Guide},
	Year = {2014},
	Bdsk-File-1 = {YnBsaXN0MDDUAQIDBAUGJCVYJHZlcnNpb25YJG9iamVjdHNZJGFyY2hpdmVyVCR0b3ASAAGGoKgHCBMUFRYaIVUkbnVsbNMJCgsMDxJXTlMua2V5c1pOUy5vYmplY3RzViRjbGFzc6INDoACgAOiEBGABIAFgAdccmVsYXRpdmVQYXRoWWFsaWFzRGF0YV8QYS4uLy4uLy4uLy4uL0Ryb3Bib3gvVFUgRHJlc2Rlbi9CYWNoZWxvciBUaGVzaXMgUmVhZGluZ3MvQXV0b21hdGljIExheW91dC9NaW5kTm9kZVByb1VzZXJHdWlkZS5wZGbSFwsYGVdOUy5kYXRhTxECIAAAAAACIAACAAAMTWFjaW50b3NoIEhEAAAAAAAAAAAAAAAAAAAAzr6AgUgrAAABMlkxGE1pbmROb2RlUHJvVXNlckd1aWRlLnBkZgAAAAAAAAAAAAAAAAAAAAAAAAAAAAAAAAAAAAAAAAAAAAAAAAAAAAFDu6HQAQ9xAAAAAAAAAAAABAAFAAAJIAAAAAAAAAAAAAAAAAAAABBBdXRvbWF0aWMgTGF5b3V0ABAACAAAzr5ycQAAABEACAAA0ADzUQAAAAEAGAEyWTEA2Se9ABDOqgAPbYoAD21tAAAAjAACAHRNYWNpbnRvc2ggSEQ6VXNlcnM6AEx1a2FzOgBEcm9wYm94OgBUVSBEcmVzZGVuOgBCYWNoZWxvciBUaGVzaXMgUmVhZGluZ3M6AEF1dG9tYXRpYyBMYXlvdXQ6AE1pbmROb2RlUHJvVXNlckd1aWRlLnBkZgAOADIAGABNAGkAbgBkAE4AbwBkAGUAUAByAG8AVQBzAGUAcgBHAHUAaQBkAGUALgBwAGQAZgAPABoADABNAGEAYwBpAG4AdABvAHMAaAAgAEgARAASAGFVc2Vycy9MdWthcy9Ecm9wYm94L1RVIERyZXNkZW4vQmFjaGVsb3IgVGhlc2lzIFJlYWRpbmdzL0F1dG9tYXRpYyBMYXlvdXQvTWluZE5vZGVQcm9Vc2VyR3VpZGUucGRmAAATAAEvAAAVAAIADP//AACABtIbHB0eWiRjbGFzc25hbWVYJGNsYXNzZXNdTlNNdXRhYmxlRGF0YaMdHyBWTlNEYXRhWE5TT2JqZWN00hscIiNcTlNEaWN0aW9uYXJ5oiIgXxAPTlNLZXllZEFyY2hpdmVy0SYnVHJvb3SAAQAIABEAGgAjAC0AMgA3AEAARgBNAFUAYABnAGoAbABuAHEAcwB1AHcAhACOAPIA9wD/AyMDJQMqAzUDPgNMA1ADVwNgA2UDcgN1A4cDigOPAAAAAAAAAgEAAAAAAAAAKAAAAAAAAAAAAAAAAAAAA5E=}}

@misc{VersionOne148th-Annual,
	Author = {{VersionOne}},
	Date-Added = {2014-07-29 15:29:18 +0000},
	Date-Modified = {2014-07-29 15:42:10 +0000},
	Title = {{8th Annual State of Agile Development Survey}},
	Url = {http://www.versionone.com/pdf/2013-state-of-agile-survey.pdf},
	Year = {2014},
	Bdsk-File-1 = {YnBsaXN0MDDUAQIDBAUGJCVYJHZlcnNpb25YJG9iamVjdHNZJGFyY2hpdmVyVCR0b3ASAAGGoKgHCBMUFRYaIVUkbnVsbNMJCgsMDxJXTlMua2V5c1pOUy5vYmplY3RzViRjbGFzc6INDoACgAOiEBGABIAFgAdccmVsYXRpdmVQYXRoWWFsaWFzRGF0YV8QaC4uLy4uLy4uLy4uL0Ryb3Bib3gvVFUgRHJlc2Rlbi9CYWNoZWxvciBUaGVzaXMgUmVhZGluZ3MvOHRoLUFubnVhbC1TdGF0ZS1vZi1BZ2lsZS1EZXZlbG9wbWVudC1TdXJ2ZXkucGRm0hcLGBlXTlMuZGF0YU8RAlAAAAAAAlAAAgAADE1hY2ludG9zaCBIRAAAAAAAAAAAAAAAAAAAAM6+gIFIKwAAANknvR84dGgtQW5udWFsLVN0YXRlLW9mIzEzQkRCN0QucGRmAAAAAAAAAAAAAAAAAAAAAAAAAAAAAAAAAAAAAAAAAAABO9t9z/2F7gAAAAAAAAAAAAQABAAACSAAAAAAAAAAAAAAAAAAAAAYQmFjaGVsb3IgVGhlc2lzIFJlYWRpbmdzABAACAAAzr5ycQAAABEACAAAz/1pzgAAAAEAFADZJ70AEM6qAA9tigAPbW0AAACMAAIAaU1hY2ludG9zaCBIRDpVc2VyczoATHVrYXM6AERyb3Bib3g6AFRVIERyZXNkZW46AEJhY2hlbG9yIFRoZXNpcyBSZWFkaW5nczoAOHRoLUFubnVhbC1TdGF0ZS1vZiMxM0JEQjdELnBkZgAADgBiADAAOAB0AGgALQBBAG4AbgB1AGEAbAAtAFMAdABhAHQAZQAtAG8AZgAtAEEAZwBpAGwAZQAtAEQAZQB2AGUAbABvAHAAbQBlAG4AdAAtAFMAdQByAHYAZQB5AC4AcABkAGYADwAaAAwATQBhAGMAaQBuAHQAbwBzAGgAIABIAEQAEgBoVXNlcnMvTHVrYXMvRHJvcGJveC9UVSBEcmVzZGVuL0JhY2hlbG9yIFRoZXNpcyBSZWFkaW5ncy84dGgtQW5udWFsLVN0YXRlLW9mLUFnaWxlLURldmVsb3BtZW50LVN1cnZleS5wZGYAEwABLwAAFQACAAz//wAAgAbSGxwdHlokY2xhc3NuYW1lWCRjbGFzc2VzXU5TTXV0YWJsZURhdGGjHR8gVk5TRGF0YVhOU09iamVjdNIbHCIjXE5TRGljdGlvbmFyeaIiIF8QD05TS2V5ZWRBcmNoaXZlctEmJ1Ryb290gAEACAARABoAIwAtADIANwBAAEYATQBVAGAAZwBqAGwAbgBxAHMAdQB3AIQAjgD5AP4BBgNaA1wDYQNsA3UDgwOHA44DlwOcA6kDrAO+A8EDxgAAAAAAAAIBAAAAAAAAACgAAAAAAAAAAAAAAAAAAAPI}}

@webpage{BeckBeedle01Manifest,
	Author = {Kent Beck and Mike Beedle and Arie van Bennekum and Alistair Cockburn and Ward Cunningham and Martin Fowler and James Grenning and Jim Highsmith and Andrew Hunt and Ron Jeffries and Jon Kern and Brian Marick and Robert C. Martin and Steve Mellor and Ken Schwaber and Jeff Sutherland and Dave Thomas},
	Date-Added = {2014-07-29 15:12:18 +0000},
	Date-Modified = {2014-08-10 21:52:04 +0000},
	Lastchecked = {29.07.2014},
	Title = {{Manifest f{\"u}r Agile Softwareentwicklung}},
	Url = {http://agilemanifesto.org/iso/de/},
	Year = {2001},
	Bdsk-Url-1 = {http://agilemanifesto.org/iso/de/}}

@webpage{Germano99Graph,
	Author = {Tom Germano},
	Date-Added = {2014-07-24 09:38:53 +0000},
	Date-Modified = {2014-07-29 15:25:41 +0000},
	Lastchecked = {24.07.2014},
	Title = {{Graph Drawing}},
	Url = {http://davis.wpi.edu/~matt/courses/graphs/},
	Year = {1999},
	Bdsk-Url-1 = {http://davis.wpi.edu/~matt/courses/graphs/}}

@phdthesis{Fuhrmann11On-the-Pragmatics,
	Author = {Fuhrmann, H.A.L.},
	Date-Added = {2014-07-23 17:10:09 +0000},
	Date-Modified = {2014-07-23 17:11:21 +0000},
	Isbn = {9783844800845},
	Publisher = {Books on Demand},
	School = {Christian-Albrechts-Universit{\"a}t zu Kiel},
	Title = {On the Pragmatics of Graphical Modeling},
	Url = {http://books.google.de/books?id=eGANfl9jnaAC},
	Year = {2011},
	Bdsk-File-1 = {YnBsaXN0MDDUAQIDBAUGJCVYJHZlcnNpb25YJG9iamVjdHNZJGFyY2hpdmVyVCR0b3ASAAGGoKgHCBMUFRYaIVUkbnVsbNMJCgsMDxJXTlMua2V5c1pOUy5vYmplY3RzViRjbGFzc6INDoACgAOiEBGABIAFgAdccmVsYXRpdmVQYXRoWWFsaWFzRGF0YV8QVy4uLy4uLy4uLy4uL0Ryb3Bib3gvVFUgRHJlc2Rlbi9CYWNoZWxvciBUaGVzaXMgUmVhZGluZ3MvRnVocm1hbm4xMU9uLXRoZS1QcmFnbWF0aWNzLnBkZtIXCxgZV05TLmRhdGFPEQIeAAAAAAIeAAIAAAxNYWNpbnRvc2ggSEQAAAAAAAAAAAAAAAAAAADOvoCBSCsAAADZJ70fRnVocm1hbm4xMU9uLXRoZS1QcmFnbWF0aWNzLnBkZgAAAAAAAAAAAAAAAAAAAAAAAAAAAAAAAAAAAAAAAAAAATr2oM/1uB0AAAAAAAAAAAAEAAQAAAkgAAAAAAAAAAAAAAAAAAAAGEJhY2hlbG9yIFRoZXNpcyBSZWFkaW5ncwAQAAgAAM6+cnEAAAARAAgAAM/1m/0AAAABABQA2Se9ABDOqgAPbYoAD21tAAAAjAACAGlNYWNpbnRvc2ggSEQ6VXNlcnM6AEx1a2FzOgBEcm9wYm94OgBUVSBEcmVzZGVuOgBCYWNoZWxvciBUaGVzaXMgUmVhZGluZ3M6AEZ1aHJtYW5uMTFPbi10aGUtUHJhZ21hdGljcy5wZGYAAA4AQAAfAEYAdQBoAHIAbQBhAG4AbgAxADEATwBuAC0AdABoAGUALQBQAHIAYQBnAG0AYQB0AGkAYwBzAC4AcABkAGYADwAaAAwATQBhAGMAaQBuAHQAbwBzAGgAIABIAEQAEgBXVXNlcnMvTHVrYXMvRHJvcGJveC9UVSBEcmVzZGVuL0JhY2hlbG9yIFRoZXNpcyBSZWFkaW5ncy9GdWhybWFubjExT24tdGhlLVByYWdtYXRpY3MucGRmAAATAAEvAAAVAAIADP//AACABtIbHB0eWiRjbGFzc25hbWVYJGNsYXNzZXNdTlNNdXRhYmxlRGF0YaMdHyBWTlNEYXRhWE5TT2JqZWN00hscIiNcTlNEaWN0aW9uYXJ5oiIgXxAPTlNLZXllZEFyY2hpdmVy0SYnVHJvb3SAAQAIABEAGgAjAC0AMgA3AEAARgBNAFUAYABnAGoAbABuAHEAcwB1AHcAhACOAOgA7QD1AxcDGQMeAykDMgNAA0QDSwNUA1kDZgNpA3sDfgODAAAAAAAAAgEAAAAAAAAAKAAAAAAAAAAAAAAAAAAAA4U=},
	Bdsk-Url-1 = {http://books.google.de/books?id=eGANfl9jnaAC}}

@manual{Roques10Drawing,
	Author = {Arnaud Roques},
	Date-Added = {2014-07-22 14:24:39 +0000},
	Date-Modified = {2014-07-22 15:00:20 +0000},
	Title = {Drawing UML with PlantUML},
	Year = {2010},
	Bdsk-File-1 = {YnBsaXN0MDDUAQIDBAUGJCVYJHZlcnNpb25YJG9iamVjdHNZJGFyY2hpdmVyVCR0b3ASAAGGoKgHCBMUFRYaIVUkbnVsbNMJCgsMDxJXTlMua2V5c1pOUy5vYmplY3RzViRjbGFzc6INDoACgAOiEBGABIAFgAdccmVsYXRpdmVQYXRoWWFsaWFzRGF0YV8Qbi4uLy4uLy4uLy4uL0Ryb3Bib3gvVFUgRHJlc2Rlbi9CYWNoZWxvciBUaGVzaXMgUmVhZGluZ3MvQXV0b21hdGljIExheW91dC9QbGFudFVNTCBMYW5ndWFnZSBSZWZlcmVuY2UgR3VpZGUucGRm0hcLGBlXTlMuZGF0YU8RAk4AAAAAAk4AAgAADE1hY2ludG9zaCBIRAAAAAAAAAAAAAAAAAAAAM6+gIFIKwAAATJZMR9QbGFudFVNTCBMYW5ndWFnZSBSIzEzNzk0OEIucGRmAAAAAAAAAAAAAAAAAAAAAAAAAAAAAAAAAAAAAAAAAAABN5SLySkZxAAAAAAAAAAAAAQABQAACSAAAAAAAAAAAAAAAAAAAAAQQXV0b21hdGljIExheW91dAAQAAgAAM6+cnEAAAARAAgAAMkpC7QAAAABABgBMlkxANknvQAQzqoAD22KAA9tbQAAAIwAAgB7TWFjaW50b3NoIEhEOlVzZXJzOgBMdWthczoARHJvcGJveDoAVFUgRHJlc2RlbjoAQmFjaGVsb3IgVGhlc2lzIFJlYWRpbmdzOgBBdXRvbWF0aWMgTGF5b3V0OgBQbGFudFVNTCBMYW5ndWFnZSBSIzEzNzk0OEIucGRmAAAOAEwAJQBQAGwAYQBuAHQAVQBNAEwAIABMAGEAbgBnAHUAYQBnAGUAIABSAGUAZgBlAHIAZQBuAGMAZQAgAEcAdQBpAGQAZQAuAHAAZABmAA8AGgAMAE0AYQBjAGkAbgB0AG8AcwBoACAASABEABIAblVzZXJzL0x1a2FzL0Ryb3Bib3gvVFUgRHJlc2Rlbi9CYWNoZWxvciBUaGVzaXMgUmVhZGluZ3MvQXV0b21hdGljIExheW91dC9QbGFudFVNTCBMYW5ndWFnZSBSZWZlcmVuY2UgR3VpZGUucGRmABMAAS8AABUAAgAM//8AAIAG0hscHR5aJGNsYXNzbmFtZVgkY2xhc3Nlc11OU011dGFibGVEYXRhox0fIFZOU0RhdGFYTlNPYmplY3TSGxwiI1xOU0RpY3Rpb25hcnmiIiBfEA9OU0tleWVkQXJjaGl2ZXLRJidUcm9vdIABAAgAEQAaACMALQAyADcAQABGAE0AVQBgAGcAagBsAG4AcQBzAHUAdwCEAI4A/wEEAQwDXgNgA2UDcAN5A4cDiwOSA5sDoAOtA7ADwgPFA8oAAAAAAAACAQAAAAAAAAAoAAAAAAAAAAAAAAAAAAADzA==}}

@manual{NorthGansner14Dot-Manual,
	Author = {Stephen C. North and Emden R. Gansner and John C. Ellson and Yifan Hu},
	Date-Added = {2014-07-22 12:45:46 +0000},
	Date-Modified = {2014-07-22 13:19:28 +0000},
	Title = {Dot Manual Page},
	Year = {2014},
	Bdsk-File-1 = {YnBsaXN0MDDUAQIDBAUGJCVYJHZlcnNpb25YJG9iamVjdHNZJGFyY2hpdmVyVCR0b3ASAAGGoKgHCBMUFRYaIVUkbnVsbNMJCgsMDxJXTlMua2V5c1pOUy5vYmplY3RzViRjbGFzc6INDoACgAOiEBGABIAFgAdccmVsYXRpdmVQYXRoWWFsaWFzRGF0YV8QWy4uLy4uLy4uLy4uL0Ryb3Bib3gvVFUgRHJlc2Rlbi9CYWNoZWxvciBUaGVzaXMgUmVhZGluZ3MvQXV0b21hdGljIExheW91dC9HcmFwaHZpei9kb3QuMS5wZGbSFwsYGVdOUy5kYXRhTxEB9AAAAAAB9AACAAAMTWFjaW50b3NoIEhEAAAAAAAAAAAAAAAAAAAAzr6AgUgrAAABN4B1CWRvdC4xLnBkZgAAAAAAAAAAAAAAAAAAAAAAAAAAAAAAAAAAAAAAAAAAAAAAAAAAAAAAAAAAAAAAAAAAAAAAAAE3gAbP9CmRAAAAAAAAAAAABAAGAAAJIAAAAAAAAAAAAAAAAAAAAAhHcmFwaHZpegAQAAgAAM6+cnEAAAARAAgAAM/0DXEAAAABABwBN4B1ATJZMQDZJ70AEM6qAA9tigAPbW0AAACMAAIAb01hY2ludG9zaCBIRDpVc2VyczoATHVrYXM6AERyb3Bib3g6AFRVIERyZXNkZW46AEJhY2hlbG9yIFRoZXNpcyBSZWFkaW5nczoAQXV0b21hdGljIExheW91dDoAR3JhcGh2aXo6AGRvdC4xLnBkZgAADgAUAAkAZABvAHQALgAxAC4AcABkAGYADwAaAAwATQBhAGMAaQBuAHQAbwBzAGgAIABIAEQAEgBbVXNlcnMvTHVrYXMvRHJvcGJveC9UVSBEcmVzZGVuL0JhY2hlbG9yIFRoZXNpcyBSZWFkaW5ncy9BdXRvbWF0aWMgTGF5b3V0L0dyYXBodml6L2RvdC4xLnBkZgAAEwABLwAAFQACAAz//wAAgAbSGxwdHlokY2xhc3NuYW1lWCRjbGFzc2VzXU5TTXV0YWJsZURhdGGjHR8gVk5TRGF0YVhOU09iamVjdNIbHCIjXE5TRGljdGlvbmFyeaIiIF8QD05TS2V5ZWRBcmNoaXZlctEmJ1Ryb290gAEACAARABoAIwAtADIANwBAAEYATQBVAGAAZwBqAGwAbgBxAHMAdQB3AIQAjgDsAPEA+QLxAvMC+AMDAwwDGgMeAyUDLgMzA0ADQwNVA1gDXQAAAAAAAAIBAAAAAAAAACgAAAAAAAAAAAAAAAAAAANf}}

@article{EichelbergerSchmid09Guidelines,
	Author = {Holger Eichelberger and Klaus Schmid},
	Date-Added = {2014-07-20 15:38:02 +0000},
	Date-Modified = {2014-07-20 15:39:11 +0000},
	Journal = {Information and Software Technology},
	Number = {12},
	Pages = {1686 - 1698},
	Title = {Guidelines on the Aesthetic Quality of UML Class Diagrams},
	Volume = {51},
	Year = {2009},
	Bdsk-File-1 = {YnBsaXN0MDDUAQIDBAUGJCVYJHZlcnNpb25YJG9iamVjdHNZJGFyY2hpdmVyVCR0b3ASAAGGoKgHCBMUFRYaIVUkbnVsbNMJCgsMDxJXTlMua2V5c1pOUy5vYmplY3RzViRjbGFzc6INDoACgAOiEBGABIAFgAdccmVsYXRpdmVQYXRoWWFsaWFzRGF0YV8Qay4uLy4uLy4uLy4uL0Ryb3Bib3gvVFUgRHJlc2Rlbi9CYWNoZWxvciBUaGVzaXMgUmVhZGluZ3MvQXV0b21hdGljIExheW91dC9FaWNoZWxiZXJnZXJTY2htaWQwOUd1aWRlbGluZXMucGRm0hcLGBlXTlMuZGF0YU8RAkYAAAAAAkYAAgAADE1hY2ludG9zaCBIRAAAAAAAAAAAAAAAAAAAAM6+gIFIKwAAATJZMR9FaWNoZWxiZXJnZXJTY2htaWQwOSNGNEIxNjAucGRmAAAAAAAAAAAAAAAAAAAAAAAAAAAAAAAAAAAAAAAAAAAA9LFgz8SH8AAAAAAAAAAAAAQABQAACSAAAAAAAAAAAAAAAAAAAAAQQXV0b21hdGljIExheW91dAAQAAgAAM6+cnEAAAARAAgAAM/Ea9AAAAABABgBMlkxANknvQAQzqoAD22KAA9tbQAAAIwAAgB7TWFjaW50b3NoIEhEOlVzZXJzOgBMdWthczoARHJvcGJveDoAVFUgRHJlc2RlbjoAQmFjaGVsb3IgVGhlc2lzIFJlYWRpbmdzOgBBdXRvbWF0aWMgTGF5b3V0OgBFaWNoZWxiZXJnZXJTY2htaWQwOSNGNEIxNjAucGRmAAAOAEYAIgBFAGkAYwBoAGUAbABiAGUAcgBnAGUAcgBTAGMAaABtAGkAZAAwADkARwB1AGkAZABlAGwAaQBuAGUAcwAuAHAAZABmAA8AGgAMAE0AYQBjAGkAbgB0AG8AcwBoACAASABEABIAa1VzZXJzL0x1a2FzL0Ryb3Bib3gvVFUgRHJlc2Rlbi9CYWNoZWxvciBUaGVzaXMgUmVhZGluZ3MvQXV0b21hdGljIExheW91dC9FaWNoZWxiZXJnZXJTY2htaWQwOUd1aWRlbGluZXMucGRmAAATAAEvAAAVAAIADP//AACABtIbHB0eWiRjbGFzc25hbWVYJGNsYXNzZXNdTlNNdXRhYmxlRGF0YaMdHyBWTlNEYXRhWE5TT2JqZWN00hscIiNcTlNEaWN0aW9uYXJ5oiIgXxAPTlNLZXllZEFyY2hpdmVy0SYnVHJvb3SAAQAIABEAGgAjAC0AMgA3AEAARgBNAFUAYABnAGoAbABuAHEAcwB1AHcAhACOAPwBAQEJA1MDVQNaA2UDbgN8A4ADhwOQA5UDogOlA7cDugO/AAAAAAAAAgEAAAAAAAAAKAAAAAAAAAAAAAAAAAAAA8E=}}

@article{DwyerMarriott08Interactive,
	Author = {Dwyer, Tim and Marriott, Kim and Wybrow, Michael},
	Date-Added = {2014-07-20 15:34:30 +0000},
	Date-Modified = {2014-07-20 15:35:29 +0000},
	Journal = {ECEASST},
	Title = {Interactive, Constraint-based Layout of Engineering Diagrams},
	Volume = 13,
	Year = 2008,
	Bdsk-File-1 = {YnBsaXN0MDDUAQIDBAUGJCVYJHZlcnNpb25YJG9iamVjdHNZJGFyY2hpdmVyVCR0b3ASAAGGoKgHCBMUFRYaIVUkbnVsbNMJCgsMDxJXTlMua2V5c1pOUy5vYmplY3RzViRjbGFzc6INDoACgAOiEBGABIAFgAdccmVsYXRpdmVQYXRoWWFsaWFzRGF0YV8QpS4uLy4uLy4uLy4uL0Ryb3Bib3gvVFUgRHJlc2Rlbi9CYWNoZWxvciBUaGVzaXMgUmVhZGluZ3MvSW50ZXJhY3RpdmUgVXNlci1Db250cm9sbGVyIExheW91dC9Db25zdHJhaW50LWJhc2VkIEFwcHJvYWNoIGJ5IE1pY2hhZWwgV3licm93L0R3eWVyTWFycmlvdHQwOEludGVyYWN0aXZlLnBkZtIXCxgZV05TLmRhdGFPEQK6AAAAAAK6AAIAAAxNYWNpbnRvc2ggSEQAAAAAAAAAAAAAAAAAAADOvoCBSCsAAAEyZmMeRHd5ZXJNYXJyaW90dDA4SW50ZXJhY3RpdmUucGRmAAAAAAAAAAAAAAAAAAAAAAAAAAAAAAAAAAAAAAAAAAAAAN2fo8+vsUQAAAAAAAAAAAAEAAYAAAkgAAAAAAAAAAAAAAAAAAAAH0NvbnN0cmFpbnQtYmFzZWQgQXBwcm9hIzEzMjY2NjMAABAACAAAzr5ycQAAABEACAAAz6+VJAAAAAEAHAEyZmMBMmcwANknvQAQzqoAD22KAA9tbQAAAIwAAgCqTWFjaW50b3NoIEhEOlVzZXJzOgBMdWthczoARHJvcGJveDoAVFUgRHJlc2RlbjoAQmFjaGVsb3IgVGhlc2lzIFJlYWRpbmdzOgBJbnRlcmFjdGl2ZSBVc2VyLUNvbnRybyMxMzI2NzMwOgBDb25zdHJhaW50LWJhc2VkIEFwcHJvYSMxMzI2NjYzOgBEd3llck1hcnJpb3R0MDhJbnRlcmFjdGl2ZS5wZGYADgA+AB4ARAB3AHkAZQByAE0AYQByAHIAaQBvAHQAdAAwADgASQBuAHQAZQByAGEAYwB0AGkAdgBlAC4AcABkAGYADwAaAAwATQBhAGMAaQBuAHQAbwBzAGgAIABIAEQAEgClVXNlcnMvTHVrYXMvRHJvcGJveC9UVSBEcmVzZGVuL0JhY2hlbG9yIFRoZXNpcyBSZWFkaW5ncy9JbnRlcmFjdGl2ZSBVc2VyLUNvbnRyb2xsZXIgTGF5b3V0L0NvbnN0cmFpbnQtYmFzZWQgQXBwcm9hY2ggYnkgTWljaGFlbCBXeWJyb3cvRHd5ZXJNYXJyaW90dDA4SW50ZXJhY3RpdmUucGRmAAATAAEvAAAVAAIADP//AACABtIbHB0eWiRjbGFzc25hbWVYJGNsYXNzZXNdTlNNdXRhYmxlRGF0YaMdHyBWTlNEYXRhWE5TT2JqZWN00hscIiNcTlNEaWN0aW9uYXJ5oiIgXxAPTlNLZXllZEFyY2hpdmVy0SYnVHJvb3SAAQAIABEAGgAjAC0AMgA3AEAARgBNAFUAYABnAGoAbABuAHEAcwB1AHcAhACOATYBOwFDBAEEAwQIBBMEHAQqBC4ENQQ+BEMEUARTBGUEaARtAAAAAAAAAgEAAAAAAAAAKAAAAAAAAAAAAAAAAAAABG8=}}

@mastersthesis{Siebenhaller03Automatisches,
	Author = {Martin Siebenhaller},
	Date-Added = {2014-07-20 15:24:11 +0000},
	Date-Modified = {2014-07-29 20:12:50 +0000},
	School = {University of T{\"u}bingen},
	Title = {{Automatisches Layout von UML-Klassendiagrammen}},
	Url = {http://www-pr.informatik.uni-tuebingen.de/mitarbeiter/martinsiebenhaller/downloads/diplomarbeit.pdf},
	Year = {2003},
	Bdsk-File-1 = {YnBsaXN0MDDUAQIDBAUGJCVYJHZlcnNpb25YJG9iamVjdHNZJGFyY2hpdmVyVCR0b3ASAAGGoKgHCBMUFRYaIVUkbnVsbNMJCgsMDxJXTlMua2V5c1pOUy5vYmplY3RzViRjbGFzc6INDoACgAOiEBGABIAFgAdccmVsYXRpdmVQYXRoWWFsaWFzRGF0YV8QaC4uLy4uLy4uLy4uL0Ryb3Bib3gvVFUgRHJlc2Rlbi9CYWNoZWxvciBUaGVzaXMgUmVhZGluZ3MvQXV0b21hdGljIExheW91dC9TaWViZW5oYWxsZXIwM0F1dG9tYXRpc2NoZXMucGRm0hcLGBlXTlMuZGF0YU8RAjwAAAAAAjwAAgAADE1hY2ludG9zaCBIRAAAAAAAAAAAAAAAAAAAAM6+gIFIKwAAATJZMR9TaWViZW5oYWxsZXIwM0F1dG9tYXRpc2NoZXMucGRmAAAAAAAAAAAAAAAAAAAAAAAAAAAAAAAAAAAAAAAAAAABZVZjz7CvVwAAAAAAAAAAAAQABQAACSAAAAAAAAAAAAAAAAAAAAAQQXV0b21hdGljIExheW91dAAQAAgAAM6+cnEAAAARAAgAAM+wkzcAAAABABgBMlkxANknvQAQzqoAD22KAA9tbQAAAIwAAgB7TWFjaW50b3NoIEhEOlVzZXJzOgBMdWthczoARHJvcGJveDoAVFUgRHJlc2RlbjoAQmFjaGVsb3IgVGhlc2lzIFJlYWRpbmdzOgBBdXRvbWF0aWMgTGF5b3V0OgBTaWViZW5oYWxsZXIwM0F1dG9tYXRpc2NoZXMucGRmAAAOAEAAHwBTAGkAZQBiAGUAbgBoAGEAbABsAGUAcgAwADMAQQB1AHQAbwBtAGEAdABpAHMAYwBoAGUAcwAuAHAAZABmAA8AGgAMAE0AYQBjAGkAbgB0AG8AcwBoACAASABEABIAaFVzZXJzL0x1a2FzL0Ryb3Bib3gvVFUgRHJlc2Rlbi9CYWNoZWxvciBUaGVzaXMgUmVhZGluZ3MvQXV0b21hdGljIExheW91dC9TaWViZW5oYWxsZXIwM0F1dG9tYXRpc2NoZXMucGRmABMAAS8AABUAAgAM//8AAIAG0hscHR5aJGNsYXNzbmFtZVgkY2xhc3Nlc11OU011dGFibGVEYXRhox0fIFZOU0RhdGFYTlNPYmplY3TSGxwiI1xOU0RpY3Rpb25hcnmiIiBfEA9OU0tleWVkQXJjaGl2ZXLRJidUcm9vdIABAAgAEQAaACMALQAyADcAQABGAE0AVQBgAGcAagBsAG4AcQBzAHUAdwCEAI4A+QD+AQYDRgNIA00DWANhA28DcwN6A4MDiAOVA5gDqgOtA7IAAAAAAAACAQAAAAAAAAAoAAAAAAAAAAAAAAAAAAADtA==}}

@inproceedings{EiglspergerKaufmanna03A-Topology-Shape-Metrics,
	Author = {Markus Eiglsperger and Michael Kaufmanna and Martin Siebenhaller},
	Booktitle = {SOFTVIS},
	Date-Added = {2014-07-20 14:04:28 +0000},
	Date-Modified = {2014-07-20 15:19:42 +0000},
	Pages = {189-198},
	Title = {A Topology-Shape-Metrics Approach for the Automatic Layout of UML Class Diagram},
	Year = {2003},
	Bdsk-File-1 = {YnBsaXN0MDDUAQIDBAUGJCVYJHZlcnNpb25YJG9iamVjdHNZJGFyY2hpdmVyVCR0b3ASAAGGoKgHCBMUFRYaIVUkbnVsbNMJCgsMDxJXTlMua2V5c1pOUy5vYmplY3RzViRjbGFzc6INDoACgAOiEBGABIAFgAdccmVsYXRpdmVQYXRoWWFsaWFzRGF0YV8QiC4uLy4uLy4uL0Ryb3Bib3gvLmRyb3Bib3guY2FjaGUvMjAxNC0wNy0yMy9FaWdsc3BlcmdlckthdWZtYW5uYTAzQS1Ub3BvbG9neS1TaGFwZS1NZXRyaWNzIChkZWxldGVkIDI1NTA3NjJjM2I5NGNjYjcwM2ZhYTY1NDc4YzQyY2IyKS5wZGbSFwsYGVdOUy5kYXRhTxECtgAAAAACtgACAAAMTWFjaW50b3NoIEhEAAAAAAAAAAAAAAAAAAAAzr6AgUgrAAABN/nOH0VpZ2xzcGVyZ2VyS2F1Zm1hbm5hI0Y1MjVEMy5wZGYAAAAAAAAAAAAAAAAAAAAAAAAAAAAAAAAAAAAAAAAAAAD1JdPPxR64AAAAAAAAAAAAAwAEAAAJIAAAAAAAAAAAAAAAAAAAAAoyMDE0LTA3LTIzABAACAAAzr5ycQAAABEACAAAz8UCmAAAAAEAFAE3+c4AEM6jAA9tigAPbW0AAACMAAIAX01hY2ludG9zaCBIRDpVc2VyczoATHVrYXM6AERyb3Bib3g6AC5kcm9wYm94LmNhY2hlOgAyMDE0LTA3LTIzOgBFaWdsc3BlcmdlckthdWZtYW5uYSNGNTI1RDMucGRmAAAOALwAXQBFAGkAZwBsAHMAcABlAHIAZwBlAHIASwBhAHUAZgBtAGEAbgBuAGEAMAAzAEEALQBUAG8AcABvAGwAbwBnAHkALQBTAGgAYQBwAGUALQBNAGUAdAByAGkAYwBzACAAKABkAGUAbABlAHQAZQBkACAAMgA1ADUAMAA3ADYAMgBjADMAYgA5ADQAYwBjAGIANwAwADMAZgBhAGEANgA1ADQANwA4AGMANAAyAGMAYgAyACkALgBwAGQAZgAPABoADABNAGEAYwBpAG4AdABvAHMAaAAgAEgARAASAItVc2Vycy9MdWthcy9Ecm9wYm94Ly5kcm9wYm94LmNhY2hlLzIwMTQtMDctMjMvRWlnbHNwZXJnZXJLYXVmbWFubmEwM0EtVG9wb2xvZ3ktU2hhcGUtTWV0cmljcyAoZGVsZXRlZCAyNTUwNzYyYzNiOTRjY2I3MDNmYWE2NTQ3OGM0MmNiMikucGRmAAATAAEvAAAVAAIADP//AACABtIbHB0eWiRjbGFzc25hbWVYJGNsYXNzZXNdTlNNdXRhYmxlRGF0YaMdHyBWTlNEYXRhWE5TT2JqZWN00hscIiNcTlNEaWN0aW9uYXJ5oiIgXxAPTlNLZXllZEFyY2hpdmVy0SYnVHJvb3SAAQAIABEAGgAjAC0AMgA3AEAARgBNAFUAYABnAGoAbABuAHEAcwB1AHcAhACOARkBHgEmA+AD4gPnA/ID+wQJBA0EFAQdBCIELwQyBEQERwRMAAAAAAAAAgEAAAAAAAAAKAAAAAAAAAAAAAAAAAAABE4=}}

@phdthesis{Eiglsperger04Automatic,
	Author = {Eiglsperger, Markus},
	Date-Added = {2014-07-20 14:01:57 +0000},
	Date-Modified = {2014-07-20 15:19:42 +0000},
	School = {Eberhard-Karls-Universit{\"a}t T{\"u}bingen},
	Title = {Automatic layout of UML class diagrams: a topology-shape-metrics approach},
	Year = {2004},
	Bdsk-File-1 = {YnBsaXN0MDDUAQIDBAUGJCVYJHZlcnNpb25YJG9iamVjdHNZJGFyY2hpdmVyVCR0b3ASAAGGoKgHCBMUFRYaIVUkbnVsbNMJCgsMDxJXTlMua2V5c1pOUy5vYmplY3RzViRjbGFzc6INDoACgAOiEBGABIAFgAdccmVsYXRpdmVQYXRoWWFsaWFzRGF0YV8QhS4uLy4uLy4uLy4uL0Ryb3Bib3gvVFUgRHJlc2Rlbi9CYWNoZWxvciBUaGVzaXMgUmVhZGluZ3MvQXV0b21hdGljIExheW91dC9BIFRvcG9sb2d5LVNoYXBlLU1ldHJpY3MgQXBwcm9hY2gvRWlnbHNwZXJnZXIwNEF1dG9tYXRpYy5wZGbSFwsYGVdOUy5kYXRhTxECgAAAAAACgAACAAAMTWFjaW50b3NoIEhEAAAAAAAAAAAAAAAAAAAAzr6AgUgrAAABOFDfGkVpZ2xzcGVyZ2VyMDRBdXRvbWF0aWMucGRmAAAAAAAAAAAAAAAAAAAAAAAAAAAAAAAAAAAAAAAAAAAAAAAAAAE4UTfP9evUAAAAAAAAAAAABAAGAAAJIAAAAAAAAAAAAAAAAAAAAB9BIFRvcG9sb2d5LVNoYXBlLU1ldHJpYyMxMzg1MERGAAAQAAgAAM6+cnEAAAARAAgAAM/1z7QAAAABABwBOFDfATJZMQDZJ70AEM6qAA9tigAPbW0AAACMAAIAl01hY2ludG9zaCBIRDpVc2VyczoATHVrYXM6AERyb3Bib3g6AFRVIERyZXNkZW46AEJhY2hlbG9yIFRoZXNpcyBSZWFkaW5nczoAQXV0b21hdGljIExheW91dDoAQSBUb3BvbG9neS1TaGFwZS1NZXRyaWMjMTM4NTBERjoARWlnbHNwZXJnZXIwNEF1dG9tYXRpYy5wZGYAAA4ANgAaAEUAaQBnAGwAcwBwAGUAcgBnAGUAcgAwADQAQQB1AHQAbwBtAGEAdABpAGMALgBwAGQAZgAPABoADABNAGEAYwBpAG4AdABvAHMAaAAgAEgARAASAIVVc2Vycy9MdWthcy9Ecm9wYm94L1RVIERyZXNkZW4vQmFjaGVsb3IgVGhlc2lzIFJlYWRpbmdzL0F1dG9tYXRpYyBMYXlvdXQvQSBUb3BvbG9neS1TaGFwZS1NZXRyaWNzIEFwcHJvYWNoL0VpZ2xzcGVyZ2VyMDRBdXRvbWF0aWMucGRmAAATAAEvAAAVAAIADP//AACABtIbHB0eWiRjbGFzc25hbWVYJGNsYXNzZXNdTlNNdXRhYmxlRGF0YaMdHyBWTlNEYXRhWE5TT2JqZWN00hscIiNcTlNEaWN0aW9uYXJ5oiIgXxAPTlNLZXllZEFyY2hpdmVy0SYnVHJvb3SAAQAIABEAGgAjAC0AMgA3AEAARgBNAFUAYABnAGoAbABuAHEAcwB1AHcAhACOARYBGwEjA6cDqQOuA7kDwgPQA9QD2wPkA+kD9gP5BAsEDgQTAAAAAAAAAgEAAAAAAAAAKAAAAAAAAAAAAAAAAAAABBU=}}

@manual{Gansner14Using,
	Author = {Emden R. Gansner},
	Date-Added = {2014-07-20 12:16:09 +0000},
	Date-Modified = {2014-07-21 20:36:39 +0000},
	Institution = {AT\&T Research},
	Title = {Using Graphviz as a Library},
	Url = {http://www.graphviz.org/doc/libguide/libguide.pdf},
	Year = {2014},
	Bdsk-File-1 = {YnBsaXN0MDDUAQIDBAUGJCVYJHZlcnNpb25YJG9iamVjdHNZJGFyY2hpdmVyVCR0b3ASAAGGoKgHCBMUFRYaIVUkbnVsbNMJCgsMDxJXTlMua2V5c1pOUy5vYmplY3RzViRjbGFzc6INDoACgAOiEBGABIAFgAdccmVsYXRpdmVQYXRoWWFsaWFzRGF0YV8QZC4uLy4uLy4uLy4uL0Ryb3Bib3gvVFUgRHJlc2Rlbi9CYWNoZWxvciBUaGVzaXMgUmVhZGluZ3MvQXV0b21hdGljIExheW91dC9HcmFwaHZpei9HYW5zbmVyMTRVc2luZy5wZGbSFwsYGVdOUy5kYXRhTxECFgAAAAACFgACAAAMTWFjaW50b3NoIEhEAAAAAAAAAAAAAAAAAAAAzr6AgUgrAAABN4B1EkdhbnNuZXIxNFVzaW5nLnBkZgAAAAAAAAAAAAAAAAAAAAAAAAAAAAAAAAAAAAAAAAAAAAAAAAAAAAAAAAAAAAEyVgTP8X+UAAAAAAAAAAAABAAGAAAJIAAAAAAAAAAAAAAAAAAAAAhHcmFwaHZpegAQAAgAAM6+cnEAAAARAAgAAM/xY3QAAAABABwBN4B1ATJZMQDZJ70AEM6qAA9tigAPbW0AAACMAAIAeE1hY2ludG9zaCBIRDpVc2VyczoATHVrYXM6AERyb3Bib3g6AFRVIERyZXNkZW46AEJhY2hlbG9yIFRoZXNpcyBSZWFkaW5nczoAQXV0b21hdGljIExheW91dDoAR3JhcGh2aXo6AEdhbnNuZXIxNFVzaW5nLnBkZgAOACYAEgBHAGEAbgBzAG4AZQByADEANABVAHMAaQBuAGcALgBwAGQAZgAPABoADABNAGEAYwBpAG4AdABvAHMAaAAgAEgARAASAGRVc2Vycy9MdWthcy9Ecm9wYm94L1RVIERyZXNkZW4vQmFjaGVsb3IgVGhlc2lzIFJlYWRpbmdzL0F1dG9tYXRpYyBMYXlvdXQvR3JhcGh2aXovR2Fuc25lcjE0VXNpbmcucGRmABMAAS8AABUAAgAM//8AAIAG0hscHR5aJGNsYXNzbmFtZVgkY2xhc3Nlc11OU011dGFibGVEYXRhox0fIFZOU0RhdGFYTlNPYmplY3TSGxwiI1xOU0RpY3Rpb25hcnmiIiBfEA9OU0tleWVkQXJjaGl2ZXLRJidUcm9vdIABAAgAEQAaACMALQAyADcAQABGAE0AVQBgAGcAagBsAG4AcQBzAHUAdwCEAI4A9QD6AQIDHAMeAyMDLgM3A0UDSQNQA1kDXgNrA24DgAODA4gAAAAAAAACAQAAAAAAAAAoAAAAAAAAAAAAAAAAAAADig==}}

@manual{14Visual,
	Date-Added = {2014-07-18 09:29:50 +0000},
	Date-Modified = {2014-07-20 15:19:42 +0000},
	Organization = {Visual Paradigm},
	Title = {Visual Paradigm User's Guide},
	Url = {http://www.visual-paradigm.com/support/documents/},
	Year = {2014},
	Bdsk-File-1 = {YnBsaXN0MDDUAQIDBAUGJCVYJHZlcnNpb25YJG9iamVjdHNZJGFyY2hpdmVyVCR0b3ASAAGGoKgHCBMUFRYaIVUkbnVsbNMJCgsMDxJXTlMua2V5c1pOUy5vYmplY3RzViRjbGFzc6INDoACgAOiEBGABIAFgAdccmVsYXRpdmVQYXRoWWFsaWFzRGF0YV8QUi4uLy4uLy4uLy4uL0Ryb3Bib3gvVFUgRHJlc2Rlbi9CYWNoZWxvciBUaGVzaXMgUmVhZGluZ3MvTWFudWFsIExheW91dC8xNFZpc3VhbC5wZGbSFwsYGVdOUy5kYXRhTxEB6AAAAAAB6AACAAAMTWFjaW50b3NoIEhEAAAAAAAAAAAAAAAAAAAAzr6AgUgrAAABMT5CDDE0VmlzdWFsLnBkZgAAAAAAAAAAAAAAAAAAAAAAAAAAAAAAAAAAAAAAAAAAAAAAAAAAAAAAAAAAAAAAAAAAAAExXyfP7q5GAAAAAAAAAAAABAAFAAAJIAAAAAAAAAAAAAAAAAAAAA1NYW51YWwgTGF5b3V0AAAQAAgAAM6+cnEAAAARAAgAAM/ukiYAAAABABgBMT5CANknvQAQzqoAD22KAA9tbQAAAIwAAgBlTWFjaW50b3NoIEhEOlVzZXJzOgBMdWthczoARHJvcGJveDoAVFUgRHJlc2RlbjoAQmFjaGVsb3IgVGhlc2lzIFJlYWRpbmdzOgBNYW51YWwgTGF5b3V0OgAxNFZpc3VhbC5wZGYAAA4AGgAMADEANABWAGkAcwB1AGEAbAAuAHAAZABmAA8AGgAMAE0AYQBjAGkAbgB0AG8AcwBoACAASABEABIAUlVzZXJzL0x1a2FzL0Ryb3Bib3gvVFUgRHJlc2Rlbi9CYWNoZWxvciBUaGVzaXMgUmVhZGluZ3MvTWFudWFsIExheW91dC8xNFZpc3VhbC5wZGYAEwABLwAAFQACAAz//wAAgAbSGxwdHlokY2xhc3NuYW1lWCRjbGFzc2VzXU5TTXV0YWJsZURhdGGjHR8gVk5TRGF0YVhOU09iamVjdNIbHCIjXE5TRGljdGlvbmFyeaIiIF8QD05TS2V5ZWRBcmNoaXZlctEmJ1Ryb290gAEACAARABoAIwAtADIANwBAAEYATQBVAGAAZwBqAGwAbgBxAHMAdQB3AIQAjgDjAOgA8ALcAt4C4wLuAvcDBQMJAxADGQMeAysDLgNAA0MDSAAAAAAAAAIBAAAAAAAAACgAAAAAAAAAAAAAAAAAAANK}}

@manual{08OmniGraffle,
	Date-Added = {2014-07-18 09:10:26 +0000},
	Date-Modified = {2014-07-20 15:19:42 +0000},
	Organization = {The Omni Group},
	Title = {OmniGraffle 5 Professional Manual},
	Year = {2008},
	Bdsk-File-1 = {YnBsaXN0MDDUAQIDBAUGJCVYJHZlcnNpb25YJG9iamVjdHNZJGFyY2hpdmVyVCR0b3ASAAGGoKgHCBMUFRYaIVUkbnVsbNMJCgsMDxJXTlMua2V5c1pOUy5vYmplY3RzViRjbGFzc6INDoACgAOiEBGABIAFgAdccmVsYXRpdmVQYXRoWWFsaWFzRGF0YV8QVy4uLy4uLy4uLy4uL0Ryb3Bib3gvVFUgRHJlc2Rlbi9CYWNoZWxvciBUaGVzaXMgUmVhZGluZ3MvTWFudWFsIExheW91dC8wOE9tbmlHcmFmZmxlLnBkZtIXCxgZV05TLmRhdGFPEQH8AAAAAAH8AAIAAAxNYWNpbnRvc2ggSEQAAAAAAAAAAAAAAAAAAADOvoCBSCsAAAExPkIRMDhPbW5pR3JhZmZsZS5wZGYAAAAAAAAAAAAAAAAAAAAAAAAAAAAAAAAAAAAAAAAAAAAAAAAAAAAAAAAAAAAAATGwcs/urd8AAAAAAAAAAAAEAAUAAAkgAAAAAAAAAAAAAAAAAAAADU1hbnVhbCBMYXlvdXQAABAACAAAzr5ycQAAABEACAAAz+6RvwAAAAEAGAExPkIA2Se9ABDOqgAPbYoAD21tAAAAjAACAGpNYWNpbnRvc2ggSEQ6VXNlcnM6AEx1a2FzOgBEcm9wYm94OgBUVSBEcmVzZGVuOgBCYWNoZWxvciBUaGVzaXMgUmVhZGluZ3M6AE1hbnVhbCBMYXlvdXQ6ADA4T21uaUdyYWZmbGUucGRmAA4AJAARADAAOABPAG0AbgBpAEcAcgBhAGYAZgBsAGUALgBwAGQAZgAPABoADABNAGEAYwBpAG4AdABvAHMAaAAgAEgARAASAFdVc2Vycy9MdWthcy9Ecm9wYm94L1RVIERyZXNkZW4vQmFjaGVsb3IgVGhlc2lzIFJlYWRpbmdzL01hbnVhbCBMYXlvdXQvMDhPbW5pR3JhZmZsZS5wZGYAABMAAS8AABUAAgAM//8AAIAG0hscHR5aJGNsYXNzbmFtZVgkY2xhc3Nlc11OU011dGFibGVEYXRhox0fIFZOU0RhdGFYTlNPYmplY3TSGxwiI1xOU0RpY3Rpb25hcnmiIiBfEA9OU0tleWVkQXJjaGl2ZXLRJidUcm9vdIABAAgAEQAaACMALQAyADcAQABGAE0AVQBgAGcAagBsAG4AcQBzAHUAdwCEAI4A6ADtAPUC9QL3AvwDBwMQAx4DIgMpAzIDNwNEA0cDWQNcA2EAAAAAAAACAQAAAAAAAAAoAAAAAAAAAAAAAAAAAAADYw==}}

@manual{11Keynote,
	Date-Added = {2014-07-18 08:28:28 +0000},
	Date-Modified = {2014-07-20 15:19:42 +0000},
	Organization = {Apple Inc.},
	Title = {Keynote '09 Benutzerhandbuch},
	Year = {2011},
	Bdsk-File-1 = {YnBsaXN0MDDUAQIDBAUGJCVYJHZlcnNpb25YJG9iamVjdHNZJGFyY2hpdmVyVCR0b3ASAAGGoKgHCBMUFRYaIVUkbnVsbNMJCgsMDxJXTlMua2V5c1pOUy5vYmplY3RzViRjbGFzc6INDoACgAOiEBGABIAFgAdccmVsYXRpdmVQYXRoWWFsaWFzRGF0YV8QUy4uLy4uLy4uLy4uL0Ryb3Bib3gvVFUgRHJlc2Rlbi9CYWNoZWxvciBUaGVzaXMgUmVhZGluZ3MvTWFudWFsIExheW91dC8xMUtleW5vdGUucGRm0hcLGBlXTlMuZGF0YU8RAewAAAAAAewAAgAADE1hY2ludG9zaCBIRAAAAAAAAAAAAAAAAAAAAM6+gIFIKwAAATE+Qg0xMUtleW5vdGUucGRmAAAAAAAAAAAAAAAAAAAAAAAAAAAAAAAAAAAAAAAAAAAAAAAAAAAAAAAAAAAAAAAAAAABMai9z+1O7AAAAAAAAAAAAAQABQAACSAAAAAAAAAAAAAAAAAAAAANTWFudWFsIExheW91dAAAEAAIAADOvnJxAAAAEQAIAADP7TLMAAAAAQAYATE+QgDZJ70AEM6qAA9tigAPbW0AAACMAAIAZk1hY2ludG9zaCBIRDpVc2VyczoATHVrYXM6AERyb3Bib3g6AFRVIERyZXNkZW46AEJhY2hlbG9yIFRoZXNpcyBSZWFkaW5nczoATWFudWFsIExheW91dDoAMTFLZXlub3RlLnBkZgAOABwADQAxADEASwBlAHkAbgBvAHQAZQAuAHAAZABmAA8AGgAMAE0AYQBjAGkAbgB0AG8AcwBoACAASABEABIAU1VzZXJzL0x1a2FzL0Ryb3Bib3gvVFUgRHJlc2Rlbi9CYWNoZWxvciBUaGVzaXMgUmVhZGluZ3MvTWFudWFsIExheW91dC8xMUtleW5vdGUucGRmAAATAAEvAAAVAAIADP//AACABtIbHB0eWiRjbGFzc25hbWVYJGNsYXNzZXNdTlNNdXRhYmxlRGF0YaMdHyBWTlNEYXRhWE5TT2JqZWN00hscIiNcTlNEaWN0aW9uYXJ5oiIgXxAPTlNLZXllZEFyY2hpdmVy0SYnVHJvb3SAAQAIABEAGgAjAC0AMgA3AEAARgBNAFUAYABnAGoAbABuAHEAcwB1AHcAhACOAOQA6QDxAuEC4wLoAvMC/AMKAw4DFQMeAyMDMAMzA0UDSANNAAAAAAAAAgEAAAAAAAAAKAAAAAAAAAAAAAAAAAAAA08=}}

@webpage{Tsinteris14Introducing,
	Author = {Kimon Tsinteris},
	Date-Added = {2014-07-12 10:52:42 +0000},
	Date-Modified = {2014-07-29 15:25:47 +0000},
	Lastchecked = {12.07.2014},
	Title = {{Introducing Pop, the animation engine behind Paper}},
	Urldate = {https://code.facebook.com/posts/234067533455773/introducing-pop-the-animation-engine-behind-paper/},
	Year = {2014}}

@webpage{Ambler04UML-2-Class,
	Author = {Ambler, Scott W.},
	Date-Added = {2014-06-19 10:56:01 +0000},
	Date-Modified = {2014-09-15 13:15:55 +0000},
	Lastchecked = {15.09.2014},
	Title = {{UML 2 Class Diagrams: An Agile Introduction}},
	Url = {http://www.agilemodeling.com/artifacts/classDiagram.htm},
	Year = {2004},
	Bdsk-Url-1 = {http://martinfowler.com/bliki/UmlAsSketch.html}}

@book{Olsen10OmniGraffle,
	Author = {Olsen, R.},
	Date-Added = {2014-06-18 22:37:06 +0000},
	Date-Modified = {2014-07-20 15:19:42 +0000},
	Isbn = {9781849690775},
	Publisher = {Packt Publishing, Limited},
	Title = {OmniGraffle 5 Diagramming Essentials: Create Better Diagrams with Less Effort Using OmniGraffle},
	Url = {http://books.google.de/books?id=Gkq9dnFO9sUC},
	Year = {2010},
	Bdsk-File-1 = {YnBsaXN0MDDUAQIDBAUGJCVYJHZlcnNpb25YJG9iamVjdHNZJGFyY2hpdmVyVCR0b3ASAAGGoKgHCBMUFRYaIVUkbnVsbNMJCgsMDxJXTlMua2V5c1pOUy5vYmplY3RzViRjbGFzc6INDoACgAOiEBGABIAFgAdccmVsYXRpdmVQYXRoWWFsaWFzRGF0YV8QXC4uLy4uLy4uLy4uL0Ryb3Bib3gvVFUgRHJlc2Rlbi9CYWNoZWxvciBUaGVzaXMgUmVhZGluZ3MvTWFudWFsIExheW91dC9PbHNlbjEwT21uaUdyYWZmbGUucGRm0hcLGBlXTlMuZGF0YU8RAhAAAAAAAhAAAgAADE1hY2ludG9zaCBIRAAAAAAAAAAAAAAAAAAAAM6+gIFIKwAAATE+QhZPbHNlbjEwT21uaUdyYWZmbGUucGRmAAAAAAAAAAAAAAAAAAAAAAAAAAAAAAAAAAAAAAAAAAAAAAAAAAAAAAAA+EKcz8jxzAAAAAAAAAAAAAQABQAACSAAAAAAAAAAAAAAAAAAAAANTWFudWFsIExheW91dAAAEAAIAADOvnJxAAAAEQAIAADPyNWsAAAAAQAYATE+QgDZJ70AEM6qAA9tigAPbW0AAACMAAIAb01hY2ludG9zaCBIRDpVc2VyczoATHVrYXM6AERyb3Bib3g6AFRVIERyZXNkZW46AEJhY2hlbG9yIFRoZXNpcyBSZWFkaW5nczoATWFudWFsIExheW91dDoAT2xzZW4xME9tbmlHcmFmZmxlLnBkZgAADgAuABYATwBsAHMAZQBuADEAMABPAG0AbgBpAEcAcgBhAGYAZgBsAGUALgBwAGQAZgAPABoADABNAGEAYwBpAG4AdABvAHMAaAAgAEgARAASAFxVc2Vycy9MdWthcy9Ecm9wYm94L1RVIERyZXNkZW4vQmFjaGVsb3IgVGhlc2lzIFJlYWRpbmdzL01hbnVhbCBMYXlvdXQvT2xzZW4xME9tbmlHcmFmZmxlLnBkZgATAAEvAAAVAAIADP//AACABtIbHB0eWiRjbGFzc25hbWVYJGNsYXNzZXNdTlNNdXRhYmxlRGF0YaMdHyBWTlNEYXRhWE5TT2JqZWN00hscIiNcTlNEaWN0aW9uYXJ5oiIgXxAPTlNLZXllZEFyY2hpdmVy0SYnVHJvb3SAAQAIABEAGgAjAC0AMgA3AEAARgBNAFUAYABnAGoAbABuAHEAcwB1AHcAhACOAO0A8gD6Aw4DEAMVAyADKQM3AzsDQgNLA1ADXQNgA3IDdQN6AAAAAAAAAgEAAAAAAAAAKAAAAAAAAAAAAAAAAAAAA3w=}}

@inproceedings{SeyboldGlinz03An-Effective,
	Acmid = {776971},
	Address = {Washington, DC, USA},
	Author = {Seybold, Christian and Glinz, Martin and Meier, Silvio and Merlo-Schett, Nancy},
	Booktitle = {Proceedings of the 25th International Conference on Software Engineering},
	Date-Added = {2014-06-18 22:31:39 +0000},
	Date-Modified = {2014-07-20 15:31:22 +0000},
	Isbn = {0-7695-1877-X},
	Location = {Portland, Oregon},
	Numpages = {2},
	Pages = {826--827},
	Publisher = {IEEE Computer Society},
	Series = {ICSE '03},
	Title = {An Effective Layout Adaptation Technique for a Graphical Modeling Tool},
	Url = {http://dl.acm.org/citation.cfm?id=776816.776971},
	Year = {2003},
	Bdsk-File-1 = {YnBsaXN0MDDUAQIDBAUGJCVYJHZlcnNpb25YJG9iamVjdHNZJGFyY2hpdmVyVCR0b3ASAAGGoKgHCBMUFRYaIVUkbnVsbNMJCgsMDxJXTlMua2V5c1pOUy5vYmplY3RzViRjbGFzc6INDoACgAOiEBGABIAFgAdccmVsYXRpdmVQYXRoWWFsaWFzRGF0YV8QeS4uLy4uLy4uLy4uL0Ryb3Bib3gvVFUgRHJlc2Rlbi9CYWNoZWxvciBUaGVzaXMgUmVhZGluZ3MvSW50ZXJhY3RpdmUgVXNlci1Db250cm9sbGVyIExheW91dC9TZXlib2xkR2xpbnowM0FuLUVmZmVjdGl2ZS5wZGbSFwsYGVdOUy5kYXRhTxECagAAAAACagACAAAMTWFjaW50b3NoIEhEAAAAAAAAAAAAAAAAAAAAzr6AgUgrAAABMmcwHlNleWJvbGRHbGluejAzQW4tRWZmZWN0aXZlLnBkZgAAAAAAAAAAAAAAAAAAAAAAAAAAAAAAAAAAAAAAAAAAAAD1OLTPxTF9AAAAAAAAAAAABAAFAAAJIAAAAAAAAAAAAAAAAAAAAB9JbnRlcmFjdGl2ZSBVc2VyLUNvbnRybyMxMzI2NzMwAAAQAAgAAM6+cnEAAAARAAgAAM/FFV0AAAABABgBMmcwANknvQAQzqoAD22KAA9tbQAAAIwAAgCJTWFjaW50b3NoIEhEOlVzZXJzOgBMdWthczoARHJvcGJveDoAVFUgRHJlc2RlbjoAQmFjaGVsb3IgVGhlc2lzIFJlYWRpbmdzOgBJbnRlcmFjdGl2ZSBVc2VyLUNvbnRybyMxMzI2NzMwOgBTZXlib2xkR2xpbnowM0FuLUVmZmVjdGl2ZS5wZGYAAA4APgAeAFMAZQB5AGIAbwBsAGQARwBsAGkAbgB6ADAAMwBBAG4ALQBFAGYAZgBlAGMAdABpAHYAZQAuAHAAZABmAA8AGgAMAE0AYQBjAGkAbgB0AG8AcwBoACAASABEABIAeVVzZXJzL0x1a2FzL0Ryb3Bib3gvVFUgRHJlc2Rlbi9CYWNoZWxvciBUaGVzaXMgUmVhZGluZ3MvSW50ZXJhY3RpdmUgVXNlci1Db250cm9sbGVyIExheW91dC9TZXlib2xkR2xpbnowM0FuLUVmZmVjdGl2ZS5wZGYAABMAAS8AABUAAgAM//8AAIAG0hscHR5aJGNsYXNzbmFtZVgkY2xhc3Nlc11OU011dGFibGVEYXRhox0fIFZOU0RhdGFYTlNPYmplY3TSGxwiI1xOU0RpY3Rpb25hcnmiIiBfEA9OU0tleWVkQXJjaGl2ZXLRJidUcm9vdIABAAgAEQAaACMALQAyADcAQABGAE0AVQBgAGcAagBsAG4AcQBzAHUAdwCEAI4BCgEPARcDhQOHA4wDlwOgA64DsgO5A8IDxwPUA9cD6QPsA/EAAAAAAAACAQAAAAAAAAAoAAAAAAAAAAAAAAAAAAAD8w==}}

@article{GladischSchumann14Semi-Automatic,
	Author = {Stefan Gladisch and Heidrun Schumann and Mathias Ernst and Georg F{\"u}llen and Christian Tominski},
	Date-Added = {2014-06-18 22:22:59 +0000},
	Date-Modified = {2014-07-20 15:27:52 +0000},
	Journal = {Computer Graphics Forum},
	Number = {3},
	Pages = {381-390},
	Title = {{Semi-Automatic Editing of Graphs with Customized Layouts}},
	Volume = {33},
	Year = {2014},
	Bdsk-File-1 = {YnBsaXN0MDDUAQIDBAUGJCVYJHZlcnNpb25YJG9iamVjdHNZJGFyY2hpdmVyVCR0b3ASAAGGoKgHCBMUFRYaIVUkbnVsbNMJCgsMDxJXTlMua2V5c1pOUy5vYmplY3RzViRjbGFzc6INDoACgAOiEBGABIAFgAdccmVsYXRpdmVQYXRoWWFsaWFzRGF0YV8QdS4uLy4uLy4uLy4uL0Ryb3Bib3gvVFUgRHJlc2Rlbi9CYWNoZWxvciBUaGVzaXMgUmVhZGluZ3MvSW50ZXJhY3RpdmUgVXNlci1Db250cm9sbGVyIExheW91dC9HbGFkaXNjaFNjaHVtYW5uMTRTZW1pLnBkZtIXCxgZV05TLmRhdGFPEQJaAAAAAAJaAAIAAAxNYWNpbnRvc2ggSEQAAAAAAAAAAAAAAAAAAADOvoCBSCsAAAEyZzAaR2xhZGlzY2hTY2h1bWFubjE0U2VtaS5wZGYAAAAAAAAAAAAAAAAAAAAAAAAAAAAAAAAAAAAAAAAAAAAAAAAAAPXYE8/HVYgAAAAAAAAAAAAEAAUAAAkgAAAAAAAAAAAAAAAAAAAAH0ludGVyYWN0aXZlIFVzZXItQ29udHJvIzEzMjY3MzAAABAACAAAzr5ycQAAABEACAAAz8c5aAAAAAEAGAEyZzAA2Se9ABDOqgAPbYoAD21tAAAAjAACAIVNYWNpbnRvc2ggSEQ6VXNlcnM6AEx1a2FzOgBEcm9wYm94OgBUVSBEcmVzZGVuOgBCYWNoZWxvciBUaGVzaXMgUmVhZGluZ3M6AEludGVyYWN0aXZlIFVzZXItQ29udHJvIzEzMjY3MzA6AEdsYWRpc2NoU2NodW1hbm4xNFNlbWkucGRmAAAOADYAGgBHAGwAYQBkAGkAcwBjAGgAUwBjAGgAdQBtAGEAbgBuADEANABTAGUAbQBpAC4AcABkAGYADwAaAAwATQBhAGMAaQBuAHQAbwBzAGgAIABIAEQAEgB1VXNlcnMvTHVrYXMvRHJvcGJveC9UVSBEcmVzZGVuL0JhY2hlbG9yIFRoZXNpcyBSZWFkaW5ncy9JbnRlcmFjdGl2ZSBVc2VyLUNvbnRyb2xsZXIgTGF5b3V0L0dsYWRpc2NoU2NodW1hbm4xNFNlbWkucGRmAAATAAEvAAAVAAIADP//AACABtIbHB0eWiRjbGFzc25hbWVYJGNsYXNzZXNdTlNNdXRhYmxlRGF0YaMdHyBWTlNEYXRhWE5TT2JqZWN00hscIiNcTlNEaWN0aW9uYXJ5oiIgXxAPTlNLZXllZEFyY2hpdmVy0SYnVHJvb3SAAQAIABEAGgAjAC0AMgA3AEAARgBNAFUAYABnAGoAbABuAHEAcwB1AHcAhACOAQYBCwETA3EDcwN4A4MDjAOaA54DpQOuA7MDwAPDA9UD2APdAAAAAAAAAgEAAAAAAAAAKAAAAAAAAAAAAAAAAAAAA98=}}

@book{Ambler05The-Elements,
	Abstract = {For all developers who create models using the Unified Modeling Language (UML) 2.x The Elements of UML 2.0 Style sets the rules for style that will improve your productivity---especially in teams, where understandability and consistency are critical. Coming from renowned UML expert Scott Ambler, the book furnishes a set of rules for modelling in the UML and describes a collection of standards and guidelines for creating effective UML diagrams that will be concise and easy to understand. It provides conventions for: Class diagrams; Timing Diagrams; Use case diagrams; Composite Structure Diagrams; Sequence diagrams; Interaction Overview Diagrams; Activity diagrams; Object diagrams; State machine diagrams; Package diagrams; Communication diagrams; Deployment diagrams and Component diagrams. The Elements of UML 2.0 Style sets the rules for style that will improve your productivity.},
	Added-At = {2012-05-30T11:04:01.000+0200},
	Address = {Cambridge, UK},
	Author = {Ambler, Scott W.},
	Biburl = {http://www.bibsonomy.org/bibtex/22a2db2bfec7e5084a29938cc67ed38f5/flint63},
	Date-Added = {2014-06-16 09:29:20 +0000},
	Date-Modified = {2014-07-20 15:19:42 +0000},
	File = {Cambridge University Press Product Page:http\://www.cambridge.org/9780521616782:URL;Amazon Search inside:http\://www.amazon.de/gp/reader/0521616786/:URL;Google Books:http\://books.google.de/books?isbn=978-0-521-61678-2:URL},
	Groups = {public},
	Interhash = {8e024c7128318a72562edd7865ff3ddf},
	Intrahash = {2a2db2bfec7e5084a29938cc67ed38f5},
	Isbn = {978-0-521-61678-2},
	Publisher = {Cambridge University Press},
	Timestamp = {2012-05-30T11:04:01.000+0200},
	Title = {The Elements of UML 2.0 Style},
	Year = 2005}

@phdthesis{Wybrow08Using,
	Author = {Wybrow, Michael},
	Date-Added = {2014-06-16 09:22:40 +0000},
	Date-Modified = {2014-07-20 15:19:42 +0000},
	School = {Clayton School of Information Technology, Monash University},
	Title = {Using Semi-automatic Layout to Improve the Usability of Diagramming Software},
	Year = {2008},
	Bdsk-File-1 = {YnBsaXN0MDDUAQIDBAUGJCVYJHZlcnNpb25YJG9iamVjdHNZJGFyY2hpdmVyVCR0b3ASAAGGoKgHCBMUFRYaIVUkbnVsbNMJCgsMDxJXTlMua2V5c1pOUy5vYmplY3RzViRjbGFzc6INDoACgAOiEBGABIAFgAdccmVsYXRpdmVQYXRoWWFsaWFzRGF0YV8QmC4uLy4uLy4uLy4uL0Ryb3Bib3gvVFUgRHJlc2Rlbi9CYWNoZWxvciBUaGVzaXMgUmVhZGluZ3MvSW50ZXJhY3RpdmUgVXNlci1Db250cm9sbGVyIExheW91dC9Db25zdHJhaW50LWJhc2VkIEFwcHJvYWNoIGJ5IE1pY2hhZWwgV3licm93L1d5YnJvdzA4VXNpbmcucGRm0hcLGBlXTlMuZGF0YU8RAoYAAAAAAoYAAgAADE1hY2ludG9zaCBIRAAAAAAAAAAAAAAAAAAAAM6+gIFIKwAAATJmYxFXeWJyb3cwOFVzaW5nLnBkZgAAAAAAAAAAAAAAAAAAAAAAAAAAAAAAAAAAAAAAAAAAAAAAAAAAAAAAAAAAAAABZWK0z7C1kQAAAAAAAAAAAAQABgAACSAAAAAAAAAAAAAAAAAAAAAfQ29uc3RyYWludC1iYXNlZCBBcHByb2EjMTMyNjY2MwAAEAAIAADOvnJxAAAAEQAIAADPsJlxAAAAAQAcATJmYwEyZzAA2Se9ABDOqgAPbYoAD21tAAAAjAACAJ1NYWNpbnRvc2ggSEQ6VXNlcnM6AEx1a2FzOgBEcm9wYm94OgBUVSBEcmVzZGVuOgBCYWNoZWxvciBUaGVzaXMgUmVhZGluZ3M6AEludGVyYWN0aXZlIFVzZXItQ29udHJvIzEzMjY3MzA6AENvbnN0cmFpbnQtYmFzZWQgQXBwcm9hIzEzMjY2NjM6AFd5YnJvdzA4VXNpbmcucGRmAAAOACQAEQBXAHkAYgByAG8AdwAwADgAVQBzAGkAbgBnAC4AcABkAGYADwAaAAwATQBhAGMAaQBuAHQAbwBzAGgAIABIAEQAEgCYVXNlcnMvTHVrYXMvRHJvcGJveC9UVSBEcmVzZGVuL0JhY2hlbG9yIFRoZXNpcyBSZWFkaW5ncy9JbnRlcmFjdGl2ZSBVc2VyLUNvbnRyb2xsZXIgTGF5b3V0L0NvbnN0cmFpbnQtYmFzZWQgQXBwcm9hY2ggYnkgTWljaGFlbCBXeWJyb3cvV3licm93MDhVc2luZy5wZGYAEwABLwAAFQACAAz//wAAgAbSGxwdHlokY2xhc3NuYW1lWCRjbGFzc2VzXU5TTXV0YWJsZURhdGGjHR8gVk5TRGF0YVhOU09iamVjdNIbHCIjXE5TRGljdGlvbmFyeaIiIF8QD05TS2V5ZWRBcmNoaXZlctEmJ1Ryb290gAEACAARABoAIwAtADIANwBAAEYATQBVAGAAZwBqAGwAbgBxAHMAdQB3AIQAjgEpAS4BNgPAA8IDxwPSA9sD6QPtA/QD/QQCBA8EEgQkBCcELAAAAAAAAAIBAAAAAAAAACgAAAAAAAAAAAAAAAAAAAQu}}

@book{Ambler02Agile,
	Address = {New York, NY, USA},
	Author = {Ambler, Scott W.},
	Date-Added = {2014-06-16 09:19:19 +0000},
	Date-Modified = {2014-07-20 15:19:42 +0000},
	Isbn = {047127190X},
	Publisher = {John Wiley \& Sons, Inc.},
	Title = {Agile Modeling: Effective Practices for eXtreme Programming and the Unified Process},
	Year = {2002}}

@inproceedings{MaierMinas13A-Pattern-based,
	Added-At = {2013-09-10T16:26:08.000+0200},
	Author = {Maier, Sonja and Minas, Mark},
	Biburl = {http://www.bibsonomy.org/bibtex/2411ccbf0ca25147066b35abeec787fa7/minas},
	Booktitle = {Proceedings of the 12th International Workshop on Graph Transformation and Visual Modeling Techniques (GT-VMT 2013)},
	Date-Added = {2014-06-16 09:10:56 +0000},
	Date-Modified = {2014-07-20 15:19:42 +0000},
	Editor = {Tichy, Matthias and Ribeiro, Leila},
	Interhash = {bc755647d7d9749d128ac9ad13bb9c02},
	Intrahash = {411ccbf0ca25147066b35abeec787fa7},
	Series = {Electronic Communications of the EASST},
	Timestamp = {2013-09-10T16:26:08.000+0200},
	Title = {A Pattern-based Approach for Initial Diagram Layout},
	Url = {http://journal.ub.tu-berlin.de/eceasst/article/view/849},
	Volume = 58,
	Year = 2013,
	Bdsk-File-1 = {YnBsaXN0MDDUAQIDBAUGJCVYJHZlcnNpb25YJG9iamVjdHNZJGFyY2hpdmVyVCR0b3ASAAGGoKgHCBMUFRYaIVUkbnVsbNMJCgsMDxJXTlMua2V5c1pOUy5vYmplY3RzViRjbGFzc6INDoACgAOiEBGABIAFgAdccmVsYXRpdmVQYXRoWWFsaWFzRGF0YV8QoC4uLy4uLy4uLy4uL0Ryb3Bib3gvVFUgRHJlc2Rlbi9CYWNoZWxvciBUaGVzaXMgUmVhZGluZ3MvSW50ZXJhY3RpdmUgVXNlci1Db250cm9sbGVyIExheW91dC9QYXR0ZXJuLWJhc2VkIEFwcHJvYWNoIGJ5IFNvbmphIE1haWVyL01haWVyTWluYXMxM0EtUGF0dGVybi1iYXNlZC5wZGbSFwsYGVdOUy5kYXRhTxECuAAAAAACuAACAAAMTWFjaW50b3NoIEhEAAAAAAAAAAAAAAAAAAAAzr6AgUgrAAABMmYGH01haWVyTWluYXMxM0EtUGF0dGVybi1iYXNlZC5wZGYAAAAAAAAAAAAAAAAAAAAAAAAAAAAAAAAAAAAAAAAAAADZL37PqjlHAAAAAAAAAAAABAAGAAAJIAAAAAAAAAAAAAAAAAAAAB9QYXR0ZXJuLWJhc2VkIEFwcHJvYWNoICMxMzI2NjA2AAAQAAgAAM6+cnEAAAARAAgAAM+qHScAAAABABwBMmYGATJnMADZJ70AEM6qAA9tigAPbW0AAACMAAIAq01hY2ludG9zaCBIRDpVc2VyczoATHVrYXM6AERyb3Bib3g6AFRVIERyZXNkZW46AEJhY2hlbG9yIFRoZXNpcyBSZWFkaW5nczoASW50ZXJhY3RpdmUgVXNlci1Db250cm8jMTMyNjczMDoAUGF0dGVybi1iYXNlZCBBcHByb2FjaCAjMTMyNjYwNjoATWFpZXJNaW5hczEzQS1QYXR0ZXJuLWJhc2VkLnBkZgAADgBAAB8ATQBhAGkAZQByAE0AaQBuAGEAcwAxADMAQQAtAFAAYQB0AHQAZQByAG4ALQBiAGEAcwBlAGQALgBwAGQAZgAPABoADABNAGEAYwBpAG4AdABvAHMAaAAgAEgARAASAKBVc2Vycy9MdWthcy9Ecm9wYm94L1RVIERyZXNkZW4vQmFjaGVsb3IgVGhlc2lzIFJlYWRpbmdzL0ludGVyYWN0aXZlIFVzZXItQ29udHJvbGxlciBMYXlvdXQvUGF0dGVybi1iYXNlZCBBcHByb2FjaCBieSBTb25qYSBNYWllci9NYWllck1pbmFzMTNBLVBhdHRlcm4tYmFzZWQucGRmABMAAS8AABUAAgAM//8AAIAG0hscHR5aJGNsYXNzbmFtZVgkY2xhc3Nlc11OU011dGFibGVEYXRhox0fIFZOU0RhdGFYTlNPYmplY3TSGxwiI1xOU0RpY3Rpb25hcnmiIiBfEA9OU0tleWVkQXJjaGl2ZXLRJidUcm9vdIABAAgAEQAaACMALQAyADcAQABGAE0AVQBgAGcAagBsAG4AcQBzAHUAdwCEAI4BMQE2AT4D+gP8BAEEDAQVBCMEJwQuBDcEPARJBEwEXgRhBGYAAAAAAAACAQAAAAAAAAAoAAAAAAAAAAAAAAAAAAAEaA==},
	Bdsk-Url-1 = {http://journal.ub.tu-berlin.de/eceasst/article/view/849}}

@incollection{DwyerMarriott09Dunnart:,
	Author = {Dwyer, Tim and Marriott, Kim and Wybrow, Michael},
	Booktitle = {Graph Drawing},
	Date-Added = {2014-06-16 09:08:07 +0000},
	Date-Modified = {2014-07-20 15:19:42 +0000},
	Doi = {10.1007/978-3-642-00219-9_41},
	Editor = {Tollis, IoannisG. and Patrignani, Maurizio},
	Isbn = {978-3-642-00218-2},
	Pages = {420-431},
	Publisher = {Springer Berlin Heidelberg},
	Series = {Lecture Notes in Computer Science},
	Title = {Dunnart: A Constraint-Based Network Diagram Authoring Tool},
	Url = {http://dx.doi.org/10.1007/978-3-642-00219-9_41},
	Volume = {5417},
	Year = {2009},
	Bdsk-File-1 = {YnBsaXN0MDDUAQIDBAUGJCVYJHZlcnNpb25YJG9iamVjdHNZJGFyY2hpdmVyVCR0b3ASAAGGoKgHCBMUFRYaIVUkbnVsbNMJCgsMDxJXTlMua2V5c1pOUy5vYmplY3RzViRjbGFzc6INDoACgAOiEBGABIAFgAdccmVsYXRpdmVQYXRoWWFsaWFzRGF0YV8QoS4uLy4uLy4uLy4uL0Ryb3Bib3gvVFUgRHJlc2Rlbi9CYWNoZWxvciBUaGVzaXMgUmVhZGluZ3MvSW50ZXJhY3RpdmUgVXNlci1Db250cm9sbGVyIExheW91dC9Db25zdHJhaW50LWJhc2VkIEFwcHJvYWNoIGJ5IE1pY2hhZWwgV3licm93L0R3eWVyTWFycmlvdHQwOUR1bm5hcnQucGRm0hcLGBlXTlMuZGF0YU8RAqoAAAAAAqoAAgAADE1hY2ludG9zaCBIRAAAAAAAAAAAAAAAAAAAAM6+gIFIKwAAATJmYxpEd3llck1hcnJpb3R0MDlEdW5uYXJ0LnBkZgAAAAAAAAAAAAAAAAAAAAAAAAAAAAAAAAAAAAAAAAAAAAAAAAAA25fCz66sSwAAAAAAAAAAAAQABgAACSAAAAAAAAAAAAAAAAAAAAAfQ29uc3RyYWludC1iYXNlZCBBcHByb2EjMTMyNjY2MwAAEAAIAADOvnJxAAAAEQAIAADPrpArAAAAAQAcATJmYwEyZzAA2Se9ABDOqgAPbYoAD21tAAAAjAACAKZNYWNpbnRvc2ggSEQ6VXNlcnM6AEx1a2FzOgBEcm9wYm94OgBUVSBEcmVzZGVuOgBCYWNoZWxvciBUaGVzaXMgUmVhZGluZ3M6AEludGVyYWN0aXZlIFVzZXItQ29udHJvIzEzMjY3MzA6AENvbnN0cmFpbnQtYmFzZWQgQXBwcm9hIzEzMjY2NjM6AER3eWVyTWFycmlvdHQwOUR1bm5hcnQucGRmAA4ANgAaAEQAdwB5AGUAcgBNAGEAcgByAGkAbwB0AHQAMAA5AEQAdQBuAG4AYQByAHQALgBwAGQAZgAPABoADABNAGEAYwBpAG4AdABvAHMAaAAgAEgARAASAKFVc2Vycy9MdWthcy9Ecm9wYm94L1RVIERyZXNkZW4vQmFjaGVsb3IgVGhlc2lzIFJlYWRpbmdzL0ludGVyYWN0aXZlIFVzZXItQ29udHJvbGxlciBMYXlvdXQvQ29uc3RyYWludC1iYXNlZCBBcHByb2FjaCBieSBNaWNoYWVsIFd5YnJvdy9Ed3llck1hcnJpb3R0MDlEdW5uYXJ0LnBkZgAAEwABLwAAFQACAAz//wAAgAbSGxwdHlokY2xhc3NuYW1lWCRjbGFzc2VzXU5TTXV0YWJsZURhdGGjHR8gVk5TRGF0YVhOU09iamVjdNIbHCIjXE5TRGljdGlvbmFyeaIiIF8QD05TS2V5ZWRBcmNoaXZlctEmJ1Ryb290gAEACAARABoAIwAtADIANwBAAEYATQBVAGAAZwBqAGwAbgBxAHMAdQB3AIQAjgEyATcBPwPtA+8D9AP/BAgEFgQaBCEEKgQvBDwEPwRRBFQEWQAAAAAAAAIBAAAAAAAAACgAAAAAAAAAAAAAAAAAAARb},
	Bdsk-Url-1 = {http://dx.doi.org/10.1007/978-3-642-00219-9_41}}

@phdthesis{Eichelberger05Aesthetics,
	Added-At = {2012-04-18T00:00:00.000+0200},
	Author = {Eichelberger, Holger},
	Biburl = {http://www.bibsonomy.org/bibtex/22b1a16cef76ae521cb2e4119161e36fb/dblp},
	Date-Added = {2014-06-16 09:05:40 +0000},
	Date-Modified = {2014-07-29 20:12:14 +0000},
	Ee = {http://opus.bibliothek.uni-wuerzburg.de/opus/volltexte/2005/1483/index.html},
	Interhash = {906c9f8285ee27ae969012e2211ebf14},
	Intrahash = {2b1a16cef76ae521cb2e4119161e36fb},
	Note = {http://d-nb.info/979655129},
	Pages = {1-383},
	School = {Julius Maximilian University of W{\"u}rzburg},
	Timestamp = {2012-04-18T00:00:00.000+0200},
	Title = {Aesthetics and Automatic Layout of UML Class Diagrams},
	Url = {http://opus.bibliothek.uni-wuerzburg.de/opus/volltexte/2005/1483/index.html},
	Year = 2005,
	Bdsk-File-1 = {YnBsaXN0MDDUAQIDBAUGJCVYJHZlcnNpb25YJG9iamVjdHNZJGFyY2hpdmVyVCR0b3ASAAGGoKgHCBMUFRYaIVUkbnVsbNMJCgsMDxJXTlMua2V5c1pOUy5vYmplY3RzViRjbGFzc6INDoACgAOiEBGABIAFgAdccmVsYXRpdmVQYXRoWWFsaWFzRGF0YV8QZS4uLy4uLy4uLy4uL0Ryb3Bib3gvVFUgRHJlc2Rlbi9CYWNoZWxvciBUaGVzaXMgUmVhZGluZ3MvQXV0b21hdGljIExheW91dC9FaWNoZWxiZXJnZXIwNUFlc3RoZXRpY3MucGRm0hcLGBlXTlMuZGF0YU8RAjAAAAAAAjAAAgAADE1hY2ludG9zaCBIRAAAAAAAAAAAAAAAAAAAAM6+gIFIKwAAATJZMRxFaWNoZWxiZXJnZXIwNUFlc3RoZXRpY3MucGRmAAAAAAAAAAAAAAAAAAAAAAAAAAAAAAAAAAAAAAAAAAAAAAAA2Seoz6oxLgAAAAAAAAAAAAQABQAACSAAAAAAAAAAAAAAAAAAAAAQQXV0b21hdGljIExheW91dAAQAAgAAM6+cnEAAAARAAgAAM+qFQ4AAAABABgBMlkxANknvQAQzqoAD22KAA9tbQAAAIwAAgB4TWFjaW50b3NoIEhEOlVzZXJzOgBMdWthczoARHJvcGJveDoAVFUgRHJlc2RlbjoAQmFjaGVsb3IgVGhlc2lzIFJlYWRpbmdzOgBBdXRvbWF0aWMgTGF5b3V0OgBFaWNoZWxiZXJnZXIwNUFlc3RoZXRpY3MucGRmAA4AOgAcAEUAaQBjAGgAZQBsAGIAZQByAGcAZQByADAANQBBAGUAcwB0AGgAZQB0AGkAYwBzAC4AcABkAGYADwAaAAwATQBhAGMAaQBuAHQAbwBzAGgAIABIAEQAEgBlVXNlcnMvTHVrYXMvRHJvcGJveC9UVSBEcmVzZGVuL0JhY2hlbG9yIFRoZXNpcyBSZWFkaW5ncy9BdXRvbWF0aWMgTGF5b3V0L0VpY2hlbGJlcmdlcjA1QWVzdGhldGljcy5wZGYAABMAAS8AABUAAgAM//8AAIAG0hscHR5aJGNsYXNzbmFtZVgkY2xhc3Nlc11OU011dGFibGVEYXRhox0fIFZOU0RhdGFYTlNPYmplY3TSGxwiI1xOU0RpY3Rpb25hcnmiIiBfEA9OU0tleWVkQXJjaGl2ZXLRJidUcm9vdIABAAgAEQAaACMALQAyADcAQABGAE0AVQBgAGcAagBsAG4AcQBzAHUAdwCEAI4A9gD7AQMDNwM5Az4DSQNSA2ADZANrA3QDeQOGA4kDmwOeA6MAAAAAAAACAQAAAAAAAAAoAAAAAAAAAAAAAAAAAAADpQ==}}

@article{ShieberKosak93Automating,
	Author = {Stuart M. Shieber and Corey Kosak and Joe Marks},
	Date-Added = {2014-06-16 09:03:11 +0000},
	Date-Modified = {2014-07-20 15:19:42 +0000},
	Journal = {IEEE Transactions on Systems, Man, and Cybernetics},
	Pages = {440-454},
	Title = {Automating the Layout of Network Diagrams with Specified Visual Organization},
	Volume = {24},
	Year = {1993},
	Bdsk-File-1 = {YnBsaXN0MDDUAQIDBAUGJCVYJHZlcnNpb25YJG9iamVjdHNZJGFyY2hpdmVyVCR0b3ASAAGGoKgHCBMUFRYaIVUkbnVsbNMJCgsMDxJXTlMua2V5c1pOUy5vYmplY3RzViRjbGFzc6INDoACgAOiEBGABIAFgAdccmVsYXRpdmVQYXRoWWFsaWFzRGF0YV8Qdy4uLy4uLy4uLy4uL0Ryb3Bib3gvVFUgRHJlc2Rlbi9CYWNoZWxvciBUaGVzaXMgUmVhZGluZ3MvSW50ZXJhY3RpdmUgVXNlci1Db250cm9sbGVyIExheW91dC9TaGllYmVyS29zYWs5M0F1dG9tYXRpbmcucGRm0hcLGBlXTlMuZGF0YU8RAmIAAAAAAmIAAgAADE1hY2ludG9zaCBIRAAAAAAAAAAAAAAAAAAAAM6+gIFIKwAAATJnMBxTaGllYmVyS29zYWs5M0F1dG9tYXRpbmcucGRmAAAAAAAAAAAAAAAAAAAAAAAAAAAAAAAAAAAAAAAAAAAAAAABMmeYz7kG2gAAAAAAAAAAAAQABQAACSAAAAAAAAAAAAAAAAAAAAAfSW50ZXJhY3RpdmUgVXNlci1Db250cm8jMTMyNjczMAAAEAAIAADOvnJxAAAAEQAIAADPuOq6AAAAAQAYATJnMADZJ70AEM6qAA9tigAPbW0AAACMAAIAh01hY2ludG9zaCBIRDpVc2VyczoATHVrYXM6AERyb3Bib3g6AFRVIERyZXNkZW46AEJhY2hlbG9yIFRoZXNpcyBSZWFkaW5nczoASW50ZXJhY3RpdmUgVXNlci1Db250cm8jMTMyNjczMDoAU2hpZWJlcktvc2FrOTNBdXRvbWF0aW5nLnBkZgAADgA6ABwAUwBoAGkAZQBiAGUAcgBLAG8AcwBhAGsAOQAzAEEAdQB0AG8AbQBhAHQAaQBuAGcALgBwAGQAZgAPABoADABNAGEAYwBpAG4AdABvAHMAaAAgAEgARAASAHdVc2Vycy9MdWthcy9Ecm9wYm94L1RVIERyZXNkZW4vQmFjaGVsb3IgVGhlc2lzIFJlYWRpbmdzL0ludGVyYWN0aXZlIFVzZXItQ29udHJvbGxlciBMYXlvdXQvU2hpZWJlcktvc2FrOTNBdXRvbWF0aW5nLnBkZgAAEwABLwAAFQACAAz//wAAgAbSGxwdHlokY2xhc3NuYW1lWCRjbGFzc2VzXU5TTXV0YWJsZURhdGGjHR8gVk5TRGF0YVhOU09iamVjdNIbHCIjXE5TRGljdGlvbmFyeaIiIF8QD05TS2V5ZWRBcmNoaXZlctEmJ1Ryb290gAEACAARABoAIwAtADIANwBAAEYATQBVAGAAZwBqAGwAbgBxAHMAdQB3AIQAjgEIAQ0BFQN7A30DggONA5YDpAOoA68DuAO9A8oDzQPfA+ID5wAAAAAAAAIBAAAAAAAAACgAAAAAAAAAAAAAAAAAAAPp}}

@incollection{Arvo02Techniques,
	Author = {Arvo, James},
	Booktitle = {Graph Drawing},
	Date-Added = {2014-06-16 08:59:04 +0000},
	Date-Modified = {2014-08-10 22:00:29 +0000},
	Editor = {Goodrich, MichaelT. and Kobourov, StephenG.},
	Isbn = {978-3-540-00158-4},
	Language = {English},
	Pages = {380-380},
	Publisher = {Springer Berlin Heidelberg},
	Series = {Lecture Notes in Computer Science},
	Title = {Techniques for Interactive Graph Drawing},
	Url = {http://dx.doi.org/10.1007/3-540-36151-0_42},
	Volume = {2528},
	Year = {2002},
	Bdsk-File-1 = {YnBsaXN0MDDUAQIDBAUGJCVYJHZlcnNpb25YJG9iamVjdHNZJGFyY2hpdmVyVCR0b3ASAAGGoKgHCBMUFRYaIVUkbnVsbNMJCgsMDxJXTlMua2V5c1pOUy5vYmplY3RzViRjbGFzc6INDoACgAOiEBGABIAFgAdccmVsYXRpdmVQYXRoWWFsaWFzRGF0YV8Qby4uLy4uLy4uLy4uL0Ryb3Bib3gvVFUgRHJlc2Rlbi9CYWNoZWxvciBUaGVzaXMgUmVhZGluZ3MvSW50ZXJhY3RpdmUgVXNlci1Db250cm9sbGVyIExheW91dC9BcnZvMDJUZWNobmlxdWVzLnBkZtIXCxgZV05TLmRhdGFPEQJCAAAAAAJCAAIAAAxNYWNpbnRvc2ggSEQAAAAAAAAAAAAAAAAAAADOvoCBSCsAAAEyZzAUQXJ2bzAyVGVjaG5pcXVlcy5wZGYAAAAAAAAAAAAAAAAAAAAAAAAAAAAAAAAAAAAAAAAAAAAAAAAAAAAAAAAAATJpb8+qR9IAAAAAAAAAAAAEAAUAAAkgAAAAAAAAAAAAAAAAAAAAH0ludGVyYWN0aXZlIFVzZXItQ29udHJvIzEzMjY3MzAAABAACAAAzr5ycQAAABEACAAAz6orsgAAAAEAGAEyZzAA2Se9ABDOqgAPbYoAD21tAAAAjAACAH9NYWNpbnRvc2ggSEQ6VXNlcnM6AEx1a2FzOgBEcm9wYm94OgBUVSBEcmVzZGVuOgBCYWNoZWxvciBUaGVzaXMgUmVhZGluZ3M6AEludGVyYWN0aXZlIFVzZXItQ29udHJvIzEzMjY3MzA6AEFydm8wMlRlY2huaXF1ZXMucGRmAAAOACoAFABBAHIAdgBvADAAMgBUAGUAYwBoAG4AaQBxAHUAZQBzAC4AcABkAGYADwAaAAwATQBhAGMAaQBuAHQAbwBzAGgAIABIAEQAEgBvVXNlcnMvTHVrYXMvRHJvcGJveC9UVSBEcmVzZGVuL0JhY2hlbG9yIFRoZXNpcyBSZWFkaW5ncy9JbnRlcmFjdGl2ZSBVc2VyLUNvbnRyb2xsZXIgTGF5b3V0L0Fydm8wMlRlY2huaXF1ZXMucGRmAAATAAEvAAAVAAIADP//AACABtIbHB0eWiRjbGFzc25hbWVYJGNsYXNzZXNdTlNNdXRhYmxlRGF0YaMdHyBWTlNEYXRhWE5TT2JqZWN00hscIiNcTlNEaWN0aW9uYXJ5oiIgXxAPTlNLZXllZEFyY2hpdmVy0SYnVHJvb3SAAQAIABEAGgAjAC0AMgA3AEAARgBNAFUAYABnAGoAbABuAHEAcwB1AHcAhACOAQABBQENA1MDVQNaA2UDbgN8A4ADhwOQA5UDogOlA7cDugO/AAAAAAAAAgEAAAAAAAAAKAAAAAAAAAAAAAAAAAAAA8E=}}

@inproceedings{MaierMinas10Combination,
	Added-At = {2011-08-06T16:51:52.000+0200},
	Author = {Maier, Sonja and Minas, Mark},
	Biburl = {http://www.bibsonomy.org/bibtex/2e7d3d38bd13c3f6820db0a08ca33400c/minas},
	Booktitle = {Proc. of the 2nd International Workshop on Visual Formalisms for Patterns, satellite of VL/HCC'10, Legan{\'e}s-Madrid, Spain, September 21, 2010},
	Date-Added = {2014-06-16 08:23:18 +0000},
	Date-Modified = {2014-07-20 15:19:42 +0000},
	Editor = {Bottoni, Paolo and Guerra, Esther and de Lara, Juan},
	Interhash = {ea9e22e74185bcabbc5fd1d76c90cef6},
	Intrahash = {e7d3d38bd13c3f6820db0a08ca33400c},
	Series = {Electronic Communications of the EASST},
	Timestamp = {2011-08-06T16:51:52.000+0200},
	Title = {Combination of Different Layout Approaches},
	Url = {http://journal.ub.tu-berlin.de/eceasst/article/view/558},
	Volume = 31,
	Year = 2010,
	Bdsk-File-1 = {YnBsaXN0MDDUAQIDBAUGJCVYJHZlcnNpb25YJG9iamVjdHNZJGFyY2hpdmVyVCR0b3ASAAGGoKgHCBMUFRYaIVUkbnVsbNMJCgsMDxJXTlMua2V5c1pOUy5vYmplY3RzViRjbGFzc6INDoACgAOiEBGABIAFgAdccmVsYXRpdmVQYXRoWWFsaWFzRGF0YV8QnC4uLy4uLy4uLy4uL0Ryb3Bib3gvVFUgRHJlc2Rlbi9CYWNoZWxvciBUaGVzaXMgUmVhZGluZ3MvSW50ZXJhY3RpdmUgVXNlci1Db250cm9sbGVyIExheW91dC9QYXR0ZXJuLWJhc2VkIEFwcHJvYWNoIGJ5IFNvbmphIE1haWVyL01haWVyTWluYXMxMENvbWJpbmF0aW9uLnBkZtIXCxgZV05TLmRhdGFPEQKoAAAAAAKoAAIAAAxNYWNpbnRvc2ggSEQAAAAAAAAAAAAAAAAAAADOvoCBSCsAAAEyZgYbTWFpZXJNaW5hczEwQ29tYmluYXRpb24ucGRmAAAAAAAAAAAAAAAAAAAAAAAAAAAAAAAAAAAAAAAAAAAAAAAAAUgb78+qOY0AAAAAAAAAAAAEAAYAAAkgAAAAAAAAAAAAAAAAAAAAH1BhdHRlcm4tYmFzZWQgQXBwcm9hY2ggIzEzMjY2MDYAABAACAAAzr5ycQAAABEACAAAz6odbQAAAAEAHAEyZgYBMmcwANknvQAQzqoAD22KAA9tbQAAAIwAAgCnTWFjaW50b3NoIEhEOlVzZXJzOgBMdWthczoARHJvcGJveDoAVFUgRHJlc2RlbjoAQmFjaGVsb3IgVGhlc2lzIFJlYWRpbmdzOgBJbnRlcmFjdGl2ZSBVc2VyLUNvbnRybyMxMzI2NzMwOgBQYXR0ZXJuLWJhc2VkIEFwcHJvYWNoICMxMzI2NjA2OgBNYWllck1pbmFzMTBDb21iaW5hdGlvbi5wZGYAAA4AOAAbAE0AYQBpAGUAcgBNAGkAbgBhAHMAMQAwAEMAbwBtAGIAaQBuAGEAdABpAG8AbgAuAHAAZABmAA8AGgAMAE0AYQBjAGkAbgB0AG8AcwBoACAASABEABIAnFVzZXJzL0x1a2FzL0Ryb3Bib3gvVFUgRHJlc2Rlbi9CYWNoZWxvciBUaGVzaXMgUmVhZGluZ3MvSW50ZXJhY3RpdmUgVXNlci1Db250cm9sbGVyIExheW91dC9QYXR0ZXJuLWJhc2VkIEFwcHJvYWNoIGJ5IFNvbmphIE1haWVyL01haWVyTWluYXMxMENvbWJpbmF0aW9uLnBkZgATAAEvAAAVAAIADP//AACABtIbHB0eWiRjbGFzc25hbWVYJGNsYXNzZXNdTlNNdXRhYmxlRGF0YaMdHyBWTlNEYXRhWE5TT2JqZWN00hscIiNcTlNEaWN0aW9uYXJ5oiIgXxAPTlNLZXllZEFyY2hpdmVy0SYnVHJvb3SAAQAIABEAGgAjAC0AMgA3AEAARgBNAFUAYABnAGoAbABuAHEAcwB1AHcAhACOAS0BMgE6A+YD6APtA/gEAQQPBBMEGgQjBCgENQQ4BEoETQRSAAAAAAAAAgEAAAAAAAAAKAAAAAAAAAAAAAAAAAAABFQ=},
	Bdsk-Url-1 = {http://journal.ub.tu-berlin.de/eceasst/article/view/558}}

@inproceedings{MaierMinas10Interactive,
	Acmid = {1754111},
	Address = {New York, NY, USA},
	Author = {Maier, Sonja and Minas, Mark},
	Booktitle = {CHI '10 Extended Abstracts on Human Factors in Computing Systems},
	Date-Added = {2014-06-16 08:18:40 +0000},
	Date-Modified = {2014-07-20 15:19:42 +0000},
	Doi = {10.1145/1753846.1754111},
	Isbn = {978-1-60558-930-5},
	Location = {Atlanta, Georgia, USA},
	Numpages = {6},
	Pages = {4111--4116},
	Publisher = {ACM},
	Series = {CHI EA '10},
	Title = {Interactive Diagram Layout},
	Url = {http://doi.acm.org/10.1145/1753846.1754111},
	Year = {2010},
	Bdsk-File-1 = {YnBsaXN0MDDUAQIDBAUGJCVYJHZlcnNpb25YJG9iamVjdHNZJGFyY2hpdmVyVCR0b3ASAAGGoKgHCBMUFRYaIVUkbnVsbNMJCgsMDxJXTlMua2V5c1pOUy5vYmplY3RzViRjbGFzc6INDoACgAOiEBGABIAFgAdccmVsYXRpdmVQYXRoWWFsaWFzRGF0YV8QnC4uLy4uLy4uLy4uL0Ryb3Bib3gvVFUgRHJlc2Rlbi9CYWNoZWxvciBUaGVzaXMgUmVhZGluZ3MvSW50ZXJhY3RpdmUgVXNlci1Db250cm9sbGVyIExheW91dC9QYXR0ZXJuLWJhc2VkIEFwcHJvYWNoIGJ5IFNvbmphIE1haWVyL01haWVyTWluYXMxMEludGVyYWN0aXZlLnBkZtIXCxgZV05TLmRhdGFPEQKoAAAAAAKoAAIAAAxNYWNpbnRvc2ggSEQAAAAAAAAAAAAAAAAAAADOvoCBSCsAAAEyZgYbTWFpZXJNaW5hczEwSW50ZXJhY3RpdmUucGRmAAAAAAAAAAAAAAAAAAAAAAAAAAAAAAAAAAAAAAAAAAAAAAAAANk4Lc+qMV0AAAAAAAAAAAAEAAYAAAkgAAAAAAAAAAAAAAAAAAAAH1BhdHRlcm4tYmFzZWQgQXBwcm9hY2ggIzEzMjY2MDYAABAACAAAzr5ycQAAABEACAAAz6oVPQAAAAEAHAEyZgYBMmcwANknvQAQzqoAD22KAA9tbQAAAIwAAgCnTWFjaW50b3NoIEhEOlVzZXJzOgBMdWthczoARHJvcGJveDoAVFUgRHJlc2RlbjoAQmFjaGVsb3IgVGhlc2lzIFJlYWRpbmdzOgBJbnRlcmFjdGl2ZSBVc2VyLUNvbnRybyMxMzI2NzMwOgBQYXR0ZXJuLWJhc2VkIEFwcHJvYWNoICMxMzI2NjA2OgBNYWllck1pbmFzMTBJbnRlcmFjdGl2ZS5wZGYAAA4AOAAbAE0AYQBpAGUAcgBNAGkAbgBhAHMAMQAwAEkAbgB0AGUAcgBhAGMAdABpAHYAZQAuAHAAZABmAA8AGgAMAE0AYQBjAGkAbgB0AG8AcwBoACAASABEABIAnFVzZXJzL0x1a2FzL0Ryb3Bib3gvVFUgRHJlc2Rlbi9CYWNoZWxvciBUaGVzaXMgUmVhZGluZ3MvSW50ZXJhY3RpdmUgVXNlci1Db250cm9sbGVyIExheW91dC9QYXR0ZXJuLWJhc2VkIEFwcHJvYWNoIGJ5IFNvbmphIE1haWVyL01haWVyTWluYXMxMEludGVyYWN0aXZlLnBkZgATAAEvAAAVAAIADP//AACABtIbHB0eWiRjbGFzc25hbWVYJGNsYXNzZXNdTlNNdXRhYmxlRGF0YaMdHyBWTlNEYXRhWE5TT2JqZWN00hscIiNcTlNEaWN0aW9uYXJ5oiIgXxAPTlNLZXllZEFyY2hpdmVy0SYnVHJvb3SAAQAIABEAGgAjAC0AMgA3AEAARgBNAFUAYABnAGoAbABuAHEAcwB1AHcAhACOAS0BMgE6A+YD6APtA/gEAQQPBBMEGgQjBCgENQQ4BEoETQRSAAAAAAAAAgEAAAAAAAAAKAAAAAAAAAAAAAAAAAAABFQ=}}

@phdthesis{Maier12A-Pattern-based,
	Author = {Maier, Sonja},
	Date-Added = {2014-06-15 17:03:46 +0000},
	Date-Modified = {2014-08-01 07:54:08 +0000},
	Read = {0},
	School = {Universit{\"a}tsbibliothek der Universit{\"a}t der Bundeswehr},
	Title = {A Pattern-based Approach for the Combination of Different Layout Algorithms in Diagram Editors},
	Url = {http://athene.bibl.unibw-muenchen.de:8081/doc/90423/90423.pdf},
	Year = {2012},
	Bdsk-File-1 = {YnBsaXN0MDDUAQIDBAUGJCVYJHZlcnNpb25YJG9iamVjdHNZJGFyY2hpdmVyVCR0b3ASAAGGoKgHCBMUFRYaIVUkbnVsbNMJCgsMDxJXTlMua2V5c1pOUy5vYmplY3RzViRjbGFzc6INDoACgAOiEBGABIAFgAdccmVsYXRpdmVQYXRoWWFsaWFzRGF0YV8Qmy4uLy4uLy4uLy4uL0Ryb3Bib3gvVFUgRHJlc2Rlbi9CYWNoZWxvciBUaGVzaXMgUmVhZGluZ3MvSW50ZXJhY3RpdmUgVXNlci1Db250cm9sbGVyIExheW91dC9QYXR0ZXJuLWJhc2VkIEFwcHJvYWNoIGJ5IFNvbmphIE1haWVyL01haWVyMTJBLVBhdHRlcm4tYmFzZWQucGRm0hcLGBlXTlMuZGF0YU8RAqQAAAAAAqQAAgAADE1hY2ludG9zaCBIRAAAAAAAAAAAAAAAAAAAAM6+gIFIKwAAATJmBhpNYWllcjEyQS1QYXR0ZXJuLWJhc2VkLnBkZgAAAAAAAAAAAAAAAAAAAAAAAAAAAAAAAAAAAAAAAAAAAAAAAAABZWGsz6o4mQAAAAAAAAAAAAQABgAACSAAAAAAAAAAAAAAAAAAAAAfUGF0dGVybi1iYXNlZCBBcHByb2FjaCAjMTMyNjYwNgAAEAAIAADOvnJxAAAAEQAIAADPqhx5AAAAAQAcATJmBgEyZzAA2Se9ABDOqgAPbYoAD21tAAAAjAACAKZNYWNpbnRvc2ggSEQ6VXNlcnM6AEx1a2FzOgBEcm9wYm94OgBUVSBEcmVzZGVuOgBCYWNoZWxvciBUaGVzaXMgUmVhZGluZ3M6AEludGVyYWN0aXZlIFVzZXItQ29udHJvIzEzMjY3MzA6AFBhdHRlcm4tYmFzZWQgQXBwcm9hY2ggIzEzMjY2MDY6AE1haWVyMTJBLVBhdHRlcm4tYmFzZWQucGRmAA4ANgAaAE0AYQBpAGUAcgAxADIAQQAtAFAAYQB0AHQAZQByAG4ALQBiAGEAcwBlAGQALgBwAGQAZgAPABoADABNAGEAYwBpAG4AdABvAHMAaAAgAEgARAASAJtVc2Vycy9MdWthcy9Ecm9wYm94L1RVIERyZXNkZW4vQmFjaGVsb3IgVGhlc2lzIFJlYWRpbmdzL0ludGVyYWN0aXZlIFVzZXItQ29udHJvbGxlciBMYXlvdXQvUGF0dGVybi1iYXNlZCBBcHByb2FjaCBieSBTb25qYSBNYWllci9NYWllcjEyQS1QYXR0ZXJuLWJhc2VkLnBkZgAAEwABLwAAFQACAAz//wAAgAbSGxwdHlokY2xhc3NuYW1lWCRjbGFzc2VzXU5TTXV0YWJsZURhdGGjHR8gVk5TRGF0YVhOU09iamVjdNIbHCIjXE5TRGljdGlvbmFyeaIiIF8QD05TS2V5ZWRBcmNoaXZlctEmJ1Ryb290gAEACAARABoAIwAtADIANwBAAEYATQBVAGAAZwBqAGwAbgBxAHMAdQB3AIQAjgEsATEBOQPhA+MD6APzA/wECgQOBBUEHgQjBDAEMwRFBEgETQAAAAAAAAIBAAAAAAAAACgAAAAAAAAAAAAAAAAAAARP}}

@comment{BibDesk Static Groups{
<?xml version="1.0" encoding="UTF-8"?>
<!DOCTYPE plist PUBLIC "-//Apple//DTD PLIST 1.0//EN" "http://www.apple.com/DTDs/PropertyList-1.0.dtd">
<plist version="1.0">
<array>
	<dict>
		<key>group name</key>
		<string>Aesthetics</string>
		<key>keys</key>
		<string>Ambler05The-Elements,ShieberKosak93Automating,Eichelberger05Aesthetics,Siebenhaller03Automatisches,EichelbergerSchmid09Guidelines</string>
	</dict>
	<dict>
		<key>group name</key>
		<string>Automatic Layout</string>
		<key>keys</key>
		<string>Roques10Drawing,Olsen10OmniGraffle,Eiglsperger04Automatic,Eichelberger05Aesthetics,NorthGansner14Dot-Manual,ShieberKosak93Automating,Siebenhaller03Automatisches,EiglspergerKaufmanna03A-Topology-Shape-Metrics,Gansner14Using</string>
	</dict>
	<dict>
		<key>group name</key>
		<string>Constraint-based Approach</string>
		<key>keys</key>
		<string>Wybrow08Using,DwyerMarriott08Interactive,DwyerMarriott09Dunnart:</string>
	</dict>
	<dict>
		<key>group name</key>
		<string>Interactive User-Controller Layout</string>
		<key>keys</key>
		<string>MaierMinas10Interactive,Maier12A-Pattern-based,Wybrow08Using,Eiglsperger04Automatic,MaierMinas13A-Pattern-based,MaierMinas10Combination,Arvo02Techniques,DwyerMarriott08Interactive,GladischSchumann14Semi-Automatic,DwyerMarriott09Dunnart:,SeyboldGlinz03An-Effective</string>
	</dict>
	<dict>
		<key>group name</key>
		<string>Manual Layout</string>
		<key>keys</key>
		<string>11Keynote,Olsen10OmniGraffle,08OmniGraffle,14Visual</string>
	</dict>
	<dict>
		<key>group name</key>
		<string>Pattern-based Approach</string>
		<key>keys</key>
		<string>Maier12A-Pattern-based,MaierMinas10Combination,MaierMinas13A-Pattern-based,MaierMinas10Interactive</string>
	</dict>
	<dict>
		<key>group name</key>
		<string>Prototype Implementation</string>
		<key>keys</key>
		<string>Tsinteris14Introducing</string>
	</dict>
	<dict>
		<key>group name</key>
		<string>UML Class Diagrams</string>
		<key>keys</key>
		<string>Ambler05The-Elements,ArlowNeustadt05UML-2-and-the-Unified,Eiglsperger04Automatic,Eichelberger05Aesthetics,Ambler04UML-2-Class,EichelbergerSchmid09Guidelines,Ambler02Agile,Siebenhaller03Automatisches,EiglspergerKaufmanna03A-Topology-Shape-Metrics</string>
	</dict>
</array>
</plist>
}}
