%% This BibTeX bibliography file was created using BibDesk.
%% http://bibdesk.sourceforge.net/


%% Created for Lukas Kubanek at 2014-10-12 18:48:47 +0200 


%% Saved with string encoding Unicode (UTF-8) 



@webpage{Nielsen09Discount,
	Author = {Jakob Nielsen},
	Date-Added = {2014-10-08 08:54:07 +0000},
	Date-Modified = {2014-10-12 16:35:34 +0000},
	Lastchecked = {12.10.2014},
	Title = {{Discount Usability: 20 Years}},
	Url = {http://www.nngroup.com/articles/discount-usability-20-years},
	Year = {2009},
	Bdsk-Url-1 = {http://www.nngroup.com/articles/discount-usability-20-years}}

@book{Fowler03UML-Distilled:,
	Author = {Fowler, Martin},
	Date-Added = {2014-09-16 16:53:10 +0000},
	Date-Modified = {2014-10-12 16:18:16 +0000},
	Edition = {3. Auflage},
	Isbn = {978-0321193681},
	Publisher = {Addison-Wesley Professional},
	Title = {UML Distilled: A Brief Guide to the Standard Object Modeling Language},
	Year = {2003}}

@webpage{Fowler03UML-as-Sketch,
	Author = {Martin Fowler},
	Date-Added = {2014-09-15 13:11:38 +0000},
	Date-Modified = {2014-09-15 13:11:38 +0000},
	Lastchecked = {19.06.2014},
	Title = {{UML as Sketch}},
	Url = {http://martinfowler.com/bliki/UmlAsSketch.html},
	Year = {2003},
	Bdsk-Url-1 = {http://martinfowler.com/bliki/UmlAsSketch.html}}

@book{ArlowNeustadt05UML-2-and-the-Unified,
	Author = {Arlow, Jim and Neustadt, Ila},
	Date-Added = {2014-09-11 11:04:49 +0000},
	Date-Modified = {2014-10-12 15:46:13 +0000},
	Edition = {2. Auflage},
	Isbn = {978-0321321275},
	Publisher = {Pearson Education},
	Title = {UML 2 and the Unified Process: Practical Object-Oriented Analysis and Design},
	Year = {2005}}

@inproceedings{FrischHeydekorn10Diagram,
	Author = {Frisch, Mathias and Heydekorn, Jens and Dachselt, Raimund},
	Booktitle = {Proceedings of the 6th International Conference on Diagrammatic Representation and Inference},
	Date-Added = {2014-08-24 12:15:31 +0000},
	Date-Modified = {2014-10-12 16:22:49 +0000},
	Editor = {Goel, Ashok K. and Jamnik, Mateja and Narayanan, Hari N.},
	Isbn = {978-3642145995},
	Location = {Portland, USA},
	Pages = {182-196},
	Publisher = {Springer},
	Series = {Lecture Notes in Computer Science},
	Title = {Diagram Editing on Interactive Displays Using Multi-touch and Pen Gestures},
	Volume = {6170},
	Year = {2010},
	Bdsk-Url-1 = {http://dl.acm.org/citation.cfm?id=1884734.1884759}}

@incollection{Branke01Dynamic,
	Author = {Branke, J{\"u}rgen},
	Booktitle = {Drawing Graphs: Methods and Models},
	Date-Added = {2014-08-22 10:10:51 +0000},
	Date-Modified = {2014-10-12 16:03:14 +0000},
	Editor = {Kaufmann, Michael and Wagner, Dorothea},
	Isbn = {978-3540420620},
	Pages = {228-246},
	Publisher = {Springer},
	Series = {Lecture Notes in Computer Science},
	Title = {Dynamic Graph Drawing},
	Volume = {2025},
	Year = {2001},
	Bdsk-Url-1 = {http://dx.doi.org/10.1007/3-540-44969-8_9}}

@manual{14MindNode,
	Date-Added = {2014-08-01 07:33:54 +0000},
	Date-Modified = {2014-10-12 16:09:50 +0000},
	Organization = {IdeasOnCanvas},
	Title = {MindNode Pro 1.10 User Guide},
	Url = {https://mindnode.com/support/MindNodeProUserGuide.pdf},
	Year = {2014},
	Bdsk-File-1 = {YnBsaXN0MDDUAQIDBAUGJCVYJHZlcnNpb25YJG9iamVjdHNZJGFyY2hpdmVyVCR0b3ASAAGGoKgHCBMUFRYaIVUkbnVsbNMJCgsMDxJXTlMua2V5c1pOUy5vYmplY3RzViRjbGFzc6INDoACgAOiEBGABIAFgAdccmVsYXRpdmVQYXRoWWFsaWFzRGF0YV8QaC4uLy4uLy4uLy4uLy4uL0RvY3VtZW50cy9UVSBEcmVzZGVuL0JhY2hlbG9yIFRoZXNpcy9MaXRlcmF0dXJlL0F1dG9tYXRpYyBMYXlvdXQvTWluZE5vZGVQcm9Vc2VyR3VpZGUucGRm0hcLGBlXTlMuZGF0YU8RAi4AAAAAAi4AAgAADE1hY2ludG9zaCBIRAAAAAAAAAAAAAAAAAAAAM6+gIFIKwAAATJZMRhNaW5kTm9kZVByb1VzZXJHdWlkZS5wZGYAAAAAAAAAAAAAAAAAAAAAAAAAAAAAAAAAAAAAAAAAAAAAAAAAAAABQ7uh0AEPcQAAAAAAAAAAAAUABgAACSAAAAAAAAAAAAAAAAAAAAAQQXV0b21hdGljIExheW91dAAQAAgAAM6+cnEAAAARAAgAANAA81EAAAABABwBMlkxANknvQAQwOsAEJehAA9tiAAPbW0AAACMAAIAeU1hY2ludG9zaCBIRDpVc2VyczoATHVrYXM6AERvY3VtZW50czoAVFUgRHJlc2RlbjoAQmFjaGVsb3IgVGhlc2lzOgBMaXRlcmF0dXJlOgBBdXRvbWF0aWMgTGF5b3V0OgBNaW5kTm9kZVByb1VzZXJHdWlkZS5wZGYAAA4AMgAYAE0AaQBuAGQATgBvAGQAZQBQAHIAbwBVAHMAZQByAEcAdQBpAGQAZQAuAHAAZABmAA8AGgAMAE0AYQBjAGkAbgB0AG8AcwBoACAASABEABIAZVVzZXJzL0x1a2FzL0RvY3VtZW50cy9UVSBEcmVzZGVuL0JhY2hlbG9yIFRoZXNpcy9MaXRlcmF0dXJlL0F1dG9tYXRpYyBMYXlvdXQvTWluZE5vZGVQcm9Vc2VyR3VpZGUucGRmAAATAAEvAAAVAAIADP//AACABtIbHB0eWiRjbGFzc25hbWVYJGNsYXNzZXNdTlNNdXRhYmxlRGF0YaMdHyBWTlNEYXRhWE5TT2JqZWN00hscIiNcTlNEaWN0aW9uYXJ5oiIgXxAPTlNLZXllZEFyY2hpdmVy0SYnVHJvb3SAAQAIABEAGgAjAC0AMgA3AEAARgBNAFUAYABnAGoAbABuAHEAcwB1AHcAhACOAPkA/gEGAzgDOgM/A0oDUwNhA2UDbAN1A3oDhwOKA5wDnwOkAAAAAAAAAgEAAAAAAAAAKAAAAAAAAAAAAAAAAAAAA6Y=}}

@manual{VersionOne148th-Annual,
	Date-Added = {2014-07-29 15:29:18 +0000},
	Date-Modified = {2014-10-12 16:47:14 +0000},
	Organization = {{VersionOne}},
	Title = {{8th Annual State of Agile Development Survey}},
	Url = {http://www.versionone.com/pdf/2013-state-of-agile-survey.pdf},
	Year = {2014},
	Bdsk-File-1 = {YnBsaXN0MDDUAQIDBAUGJCVYJHZlcnNpb25YJG9iamVjdHNZJGFyY2hpdmVyVCR0b3ASAAGGoKgHCBMUFRYaIVUkbnVsbNMJCgsMDxJXTlMua2V5c1pOUy5vYmplY3RzViRjbGFzc6INDoACgAOiEBGABIAFgAdccmVsYXRpdmVQYXRoWWFsaWFzRGF0YV8Qby4uLy4uLy4uLy4uLy4uL0RvY3VtZW50cy9UVSBEcmVzZGVuL0JhY2hlbG9yIFRoZXNpcy9MaXRlcmF0dXJlLzh0aC1Bbm51YWwtU3RhdGUtb2YtQWdpbGUtRGV2ZWxvcG1lbnQtU3VydmV5LnBkZtIXCxgZV05TLmRhdGFPEQJOAAAAAAJOAAIAAAxNYWNpbnRvc2ggSEQAAAAAAAAAAAAAAAAAAADOvoCBSCsAAADZJ70fOHRoLUFubnVhbC1TdGF0ZS1vZiMxM0JEQjdELnBkZgAAAAAAAAAAAAAAAAAAAAAAAAAAAAAAAAAAAAAAAAAAATvbfc/9he4AAAAAAAAAAAAFAAUAAAkgAAAAAAAAAAAAAAAAAAAACkxpdGVyYXR1cmUAEAAIAADOvnJxAAAAEQAIAADP/WnOAAAAAQAYANknvQAQwOsAEJehAA9tiAAPbW0AAACMAAIAbk1hY2ludG9zaCBIRDpVc2VyczoATHVrYXM6AERvY3VtZW50czoAVFUgRHJlc2RlbjoAQmFjaGVsb3IgVGhlc2lzOgBMaXRlcmF0dXJlOgA4dGgtQW5udWFsLVN0YXRlLW9mIzEzQkRCN0QucGRmAA4AYgAwADgAdABoAC0AQQBuAG4AdQBhAGwALQBTAHQAYQB0AGUALQBvAGYALQBBAGcAaQBsAGUALQBEAGUAdgBlAGwAbwBwAG0AZQBuAHQALQBTAHUAcgB2AGUAeQAuAHAAZABmAA8AGgAMAE0AYQBjAGkAbgB0AG8AcwBoACAASABEABIAbFVzZXJzL0x1a2FzL0RvY3VtZW50cy9UVSBEcmVzZGVuL0JhY2hlbG9yIFRoZXNpcy9MaXRlcmF0dXJlLzh0aC1Bbm51YWwtU3RhdGUtb2YtQWdpbGUtRGV2ZWxvcG1lbnQtU3VydmV5LnBkZgATAAEvAAAVAAIADP//AACABtIbHB0eWiRjbGFzc25hbWVYJGNsYXNzZXNdTlNNdXRhYmxlRGF0YaMdHyBWTlNEYXRhWE5TT2JqZWN00hscIiNcTlNEaWN0aW9uYXJ5oiIgXxAPTlNLZXllZEFyY2hpdmVy0SYnVHJvb3SAAQAIABEAGgAjAC0AMgA3AEAARgBNAFUAYABnAGoAbABuAHEAcwB1AHcAhACOAQABBQENA18DYQNmA3EDegOIA4wDkwOcA6EDrgOxA8MDxgPLAAAAAAAAAgEAAAAAAAAAKAAAAAAAAAAAAAAAAAAAA80=}}

@webpage{BeckBeedle01Manifest,
	Author = {Kent Beck and Mike Beedle and Arie van Bennekum and Alistair Cockburn and Ward Cunningham and Martin Fowler and James Grenning and Jim Highsmith and Andrew Hunt and Ron Jeffries and Jon Kern and Brian Marick and Robert C. Martin and Steve Mellor and Ken Schwaber and Jeff Sutherland and Dave Thomas},
	Date-Added = {2014-07-29 15:12:18 +0000},
	Date-Modified = {2014-08-10 21:52:04 +0000},
	Lastchecked = {29.07.2014},
	Title = {{Manifest f{\"u}r Agile Softwareentwicklung}},
	Url = {http://agilemanifesto.org/iso/de/},
	Year = {2001},
	Bdsk-Url-1 = {http://agilemanifesto.org/iso/de/}}

@webpage{Germano99Graph,
	Author = {Tom Germano},
	Date-Added = {2014-07-24 09:38:53 +0000},
	Date-Modified = {2014-07-29 15:25:41 +0000},
	Lastchecked = {24.07.2014},
	Title = {{Graph Drawing}},
	Url = {http://davis.wpi.edu/~matt/courses/graphs/},
	Year = {1999},
	Bdsk-Url-1 = {http://davis.wpi.edu/~matt/courses/graphs/}}

@phdthesis{Fuhrmann11On-the-Pragmatics,
	Author = {Fuhrmann, Hauke A. L.},
	Date-Added = {2014-07-23 17:10:09 +0000},
	Date-Modified = {2014-10-12 16:27:32 +0000},
	Isbn = {978-3844800845},
	Publisher = {Department of Computer Science},
	School = {Christian-Albrechts-Universit{\"a}t zu Kiel},
	Title = {On the Pragmatics of Graphical Modeling},
	Url = {http://books.google.de/books?id=eGANfl9jnaAC},
	Year = {2011},
	Bdsk-File-1 = {YnBsaXN0MDDUAQIDBAUGJCVYJHZlcnNpb25YJG9iamVjdHNZJGFyY2hpdmVyVCR0b3ASAAGGoKgHCBMUFRYaIVUkbnVsbNMJCgsMDxJXTlMua2V5c1pOUy5vYmplY3RzViRjbGFzc6INDoACgAOiEBGABIAFgAdccmVsYXRpdmVQYXRoWWFsaWFzRGF0YV8QXi4uLy4uLy4uLy4uLy4uL0RvY3VtZW50cy9UVSBEcmVzZGVuL0JhY2hlbG9yIFRoZXNpcy9MaXRlcmF0dXJlL0Z1aHJtYW5uMTFPbi10aGUtUHJhZ21hdGljcy5wZGbSFwsYGVdOUy5kYXRhTxECHAAAAAACHAACAAAMTWFjaW50b3NoIEhEAAAAAAAAAAAAAAAAAAAAzr6AgUgrAAAA2Se9H0Z1aHJtYW5uMTFPbi10aGUtUHJhZ21hdGljcy5wZGYAAAAAAAAAAAAAAAAAAAAAAAAAAAAAAAAAAAAAAAAAAAE69qDP9bgdAAAAAAAAAAAABQAFAAAJIAAAAAAAAAAAAAAAAAAAAApMaXRlcmF0dXJlABAACAAAzr5ycQAAABEACAAAz/Wb/QAAAAEAGADZJ70AEMDrABCXoQAPbYgAD21tAAAAjAACAG5NYWNpbnRvc2ggSEQ6VXNlcnM6AEx1a2FzOgBEb2N1bWVudHM6AFRVIERyZXNkZW46AEJhY2hlbG9yIFRoZXNpczoATGl0ZXJhdHVyZToARnVocm1hbm4xMU9uLXRoZS1QcmFnbWF0aWNzLnBkZgAOAEAAHwBGAHUAaAByAG0AYQBuAG4AMQAxAE8AbgAtAHQAaABlAC0AUAByAGEAZwBtAGEAdABpAGMAcwAuAHAAZABmAA8AGgAMAE0AYQBjAGkAbgB0AG8AcwBoACAASABEABIAW1VzZXJzL0x1a2FzL0RvY3VtZW50cy9UVSBEcmVzZGVuL0JhY2hlbG9yIFRoZXNpcy9MaXRlcmF0dXJlL0Z1aHJtYW5uMTFPbi10aGUtUHJhZ21hdGljcy5wZGYAABMAAS8AABUAAgAM//8AAIAG0hscHR5aJGNsYXNzbmFtZVgkY2xhc3Nlc11OU011dGFibGVEYXRhox0fIFZOU0RhdGFYTlNPYmplY3TSGxwiI1xOU0RpY3Rpb25hcnmiIiBfEA9OU0tleWVkQXJjaGl2ZXLRJidUcm9vdIABAAgAEQAaACMALQAyADcAQABGAE0AVQBgAGcAagBsAG4AcQBzAHUAdwCEAI4A7wD0APwDHAMeAyMDLgM3A0UDSQNQA1kDXgNrA24DgAODA4gAAAAAAAACAQAAAAAAAAAoAAAAAAAAAAAAAAAAAAADig==},
	Bdsk-Url-1 = {http://books.google.de/books?id=eGANfl9jnaAC}}

@manual{Roques10Drawing,
	Author = {Arnaud Roques},
	Date-Added = {2014-07-22 14:24:39 +0000},
	Date-Modified = {2014-07-22 15:00:20 +0000},
	Title = {Drawing UML with PlantUML},
	Year = {2010},
	Bdsk-File-1 = {YnBsaXN0MDDUAQIDBAUGJCVYJHZlcnNpb25YJG9iamVjdHNZJGFyY2hpdmVyVCR0b3ASAAGGoKgHCBMUFRYaIVUkbnVsbNMJCgsMDxJXTlMua2V5c1pOUy5vYmplY3RzViRjbGFzc6INDoACgAOiEBGABIAFgAdccmVsYXRpdmVQYXRoWWFsaWFzRGF0YV8QdS4uLy4uLy4uLy4uLy4uL0RvY3VtZW50cy9UVSBEcmVzZGVuL0JhY2hlbG9yIFRoZXNpcy9MaXRlcmF0dXJlL0F1dG9tYXRpYyBMYXlvdXQvUGxhbnRVTUwgTGFuZ3VhZ2UgUmVmZXJlbmNlIEd1aWRlLnBkZtIXCxgZV05TLmRhdGFPEQJaAAAAAAJaAAIAAAxNYWNpbnRvc2ggSEQAAAAAAAAAAAAAAAAAAADOvoCBSCsAAAEyWTEfUGxhbnRVTUwgTGFuZ3VhZ2UgUiMxMzc5NDhCLnBkZgAAAAAAAAAAAAAAAAAAAAAAAAAAAAAAAAAAAAAAAAAAATeUi8kpGcQAAAAAAAAAAAAFAAYAAAkgAAAAAAAAAAAAAAAAAAAAEEF1dG9tYXRpYyBMYXlvdXQAEAAIAADOvnJxAAAAEQAIAADJKQu0AAAAAQAcATJZMQDZJ70AEMDrABCXoQAPbYgAD21tAAAAjAACAIBNYWNpbnRvc2ggSEQ6VXNlcnM6AEx1a2FzOgBEb2N1bWVudHM6AFRVIERyZXNkZW46AEJhY2hlbG9yIFRoZXNpczoATGl0ZXJhdHVyZToAQXV0b21hdGljIExheW91dDoAUGxhbnRVTUwgTGFuZ3VhZ2UgUiMxMzc5NDhCLnBkZgAOAEwAJQBQAGwAYQBuAHQAVQBNAEwAIABMAGEAbgBnAHUAYQBnAGUAIABSAGUAZgBlAHIAZQBuAGMAZQAgAEcAdQBpAGQAZQAuAHAAZABmAA8AGgAMAE0AYQBjAGkAbgB0AG8AcwBoACAASABEABIAclVzZXJzL0x1a2FzL0RvY3VtZW50cy9UVSBEcmVzZGVuL0JhY2hlbG9yIFRoZXNpcy9MaXRlcmF0dXJlL0F1dG9tYXRpYyBMYXlvdXQvUGxhbnRVTUwgTGFuZ3VhZ2UgUmVmZXJlbmNlIEd1aWRlLnBkZgATAAEvAAAVAAIADP//AACABtIbHB0eWiRjbGFzc25hbWVYJGNsYXNzZXNdTlNNdXRhYmxlRGF0YaMdHyBWTlNEYXRhWE5TT2JqZWN00hscIiNcTlNEaWN0aW9uYXJ5oiIgXxAPTlNLZXllZEFyY2hpdmVy0SYnVHJvb3SAAQAIABEAGgAjAC0AMgA3AEAARgBNAFUAYABnAGoAbABuAHEAcwB1AHcAhACOAQYBCwETA3EDcwN4A4MDjAOaA54DpQOuA7MDwAPDA9UD2APdAAAAAAAAAgEAAAAAAAAAKAAAAAAAAAAAAAAAAAAAA98=}}

@manual{NorthGansner14Dot-Manual,
	Author = {Stephen C. North and Emden R. Gansner and John C. Ellson and Yifan Hu},
	Date-Added = {2014-07-22 12:45:46 +0000},
	Date-Modified = {2014-10-12 16:34:41 +0000},
	Title = {Dot Manual Page},
	Year = {2014},
	Bdsk-File-1 = {YnBsaXN0MDDUAQIDBAUGJCVYJHZlcnNpb25YJG9iamVjdHNZJGFyY2hpdmVyVCR0b3ASAAGGoKgHCBMUFRYaIVUkbnVsbNMJCgsMDxJXTlMua2V5c1pOUy5vYmplY3RzViRjbGFzc6INDoACgAOiEBGABIAFgAdccmVsYXRpdmVQYXRoWWFsaWFzRGF0YV8QYi4uLy4uLy4uLy4uLy4uL0RvY3VtZW50cy9UVSBEcmVzZGVuL0JhY2hlbG9yIFRoZXNpcy9MaXRlcmF0dXJlL0F1dG9tYXRpYyBMYXlvdXQvR3JhcGh2aXovZG90LjEucGRm0hcLGBlXTlMuZGF0YU8RAgAAAAAAAgAAAgAADE1hY2ludG9zaCBIRAAAAAAAAAAAAAAAAAAAAM6+gIFIKwAAATeAdQlkb3QuMS5wZGYAAAAAAAAAAAAAAAAAAAAAAAAAAAAAAAAAAAAAAAAAAAAAAAAAAAAAAAAAAAAAAAAAAAAAAAABN4AGz/QpkQAAAAAAAAAAAAUABwAACSAAAAAAAAAAAAAAAAAAAAAIR3JhcGh2aXoAEAAIAADOvnJxAAAAEQAIAADP9A1xAAAAAQAgATeAdQEyWTEA2Se9ABDA6wAQl6EAD22IAA9tbQAAAIwAAgB0TWFjaW50b3NoIEhEOlVzZXJzOgBMdWthczoARG9jdW1lbnRzOgBUVSBEcmVzZGVuOgBCYWNoZWxvciBUaGVzaXM6AExpdGVyYXR1cmU6AEF1dG9tYXRpYyBMYXlvdXQ6AEdyYXBodml6OgBkb3QuMS5wZGYADgAUAAkAZABvAHQALgAxAC4AcABkAGYADwAaAAwATQBhAGMAaQBuAHQAbwBzAGgAIABIAEQAEgBfVXNlcnMvTHVrYXMvRG9jdW1lbnRzL1RVIERyZXNkZW4vQmFjaGVsb3IgVGhlc2lzL0xpdGVyYXR1cmUvQXV0b21hdGljIExheW91dC9HcmFwaHZpei9kb3QuMS5wZGYAABMAAS8AABUAAgAM//8AAIAG0hscHR5aJGNsYXNzbmFtZVgkY2xhc3Nlc11OU011dGFibGVEYXRhox0fIFZOU0RhdGFYTlNPYmplY3TSGxwiI1xOU0RpY3Rpb25hcnmiIiBfEA9OU0tleWVkQXJjaGl2ZXLRJidUcm9vdIABAAgAEQAaACMALQAyADcAQABGAE0AVQBgAGcAagBsAG4AcQBzAHUAdwCEAI4A8wD4AQADBAMGAwsDFgMfAy0DMQM4A0EDRgNTA1YDaANrA3AAAAAAAAACAQAAAAAAAAAoAAAAAAAAAAAAAAAAAAADcg==}}

@article{EichelbergerSchmid09Guidelines,
	Author = {Holger Eichelberger and Klaus Schmid},
	Date-Added = {2014-07-20 15:38:02 +0000},
	Date-Modified = {2014-10-12 16:15:36 +0000},
	Journal = {Information and Software Technology},
	Number = {12},
	Pages = {1686-1698},
	Title = {Guidelines on the Aesthetic Quality of UML Class Diagrams},
	Volume = {51},
	Year = {2009},
	Bdsk-File-1 = {YnBsaXN0MDDUAQIDBAUGJCVYJHZlcnNpb25YJG9iamVjdHNZJGFyY2hpdmVyVCR0b3ASAAGGoKgHCBMUFRYaIVUkbnVsbNMJCgsMDxJXTlMua2V5c1pOUy5vYmplY3RzViRjbGFzc6INDoACgAOiEBGABIAFgAdccmVsYXRpdmVQYXRoWWFsaWFzRGF0YV8Qci4uLy4uLy4uLy4uLy4uL0RvY3VtZW50cy9UVSBEcmVzZGVuL0JhY2hlbG9yIFRoZXNpcy9MaXRlcmF0dXJlL0F1dG9tYXRpYyBMYXlvdXQvRWljaGVsYmVyZ2VyU2NobWlkMDlHdWlkZWxpbmVzLnBkZtIXCxgZV05TLmRhdGFPEQJSAAAAAAJSAAIAAAxNYWNpbnRvc2ggSEQAAAAAAAAAAAAAAAAAAADOvoCBSCsAAAEyWTEfRWljaGVsYmVyZ2VyU2NobWlkMDkjRjRCMTYwLnBkZgAAAAAAAAAAAAAAAAAAAAAAAAAAAAAAAAAAAAAAAAAAAPSxYM/Eh/AAAAAAAAAAAAAFAAYAAAkgAAAAAAAAAAAAAAAAAAAAEEF1dG9tYXRpYyBMYXlvdXQAEAAIAADOvnJxAAAAEQAIAADPxGvQAAAAAQAcATJZMQDZJ70AEMDrABCXoQAPbYgAD21tAAAAjAACAIBNYWNpbnRvc2ggSEQ6VXNlcnM6AEx1a2FzOgBEb2N1bWVudHM6AFRVIERyZXNkZW46AEJhY2hlbG9yIFRoZXNpczoATGl0ZXJhdHVyZToAQXV0b21hdGljIExheW91dDoARWljaGVsYmVyZ2VyU2NobWlkMDkjRjRCMTYwLnBkZgAOAEYAIgBFAGkAYwBoAGUAbABiAGUAcgBnAGUAcgBTAGMAaABtAGkAZAAwADkARwB1AGkAZABlAGwAaQBuAGUAcwAuAHAAZABmAA8AGgAMAE0AYQBjAGkAbgB0AG8AcwBoACAASABEABIAb1VzZXJzL0x1a2FzL0RvY3VtZW50cy9UVSBEcmVzZGVuL0JhY2hlbG9yIFRoZXNpcy9MaXRlcmF0dXJlL0F1dG9tYXRpYyBMYXlvdXQvRWljaGVsYmVyZ2VyU2NobWlkMDlHdWlkZWxpbmVzLnBkZgAAEwABLwAAFQACAAz//wAAgAbSGxwdHlokY2xhc3NuYW1lWCRjbGFzc2VzXU5TTXV0YWJsZURhdGGjHR8gVk5TRGF0YVhOU09iamVjdNIbHCIjXE5TRGljdGlvbmFyeaIiIF8QD05TS2V5ZWRBcmNoaXZlctEmJ1Ryb290gAEACAARABoAIwAtADIANwBAAEYATQBVAGAAZwBqAGwAbgBxAHMAdQB3AIQAjgEDAQgBEANmA2gDbQN4A4EDjwOTA5oDowOoA7UDuAPKA80D0gAAAAAAAAIBAAAAAAAAACgAAAAAAAAAAAAAAAAAAAPU}}

@article{DwyerMarriott08Interactive,
	Author = {Dwyer, Tim and Marriott, Kim and Wybrow, Michael},
	Date-Added = {2014-07-20 15:34:30 +0000},
	Date-Modified = {2014-07-20 15:35:29 +0000},
	Journal = {ECEASST},
	Title = {Interactive, Constraint-based Layout of Engineering Diagrams},
	Volume = 13,
	Year = 2008,
	Bdsk-File-1 = {YnBsaXN0MDDUAQIDBAUGJCVYJHZlcnNpb25YJG9iamVjdHNZJGFyY2hpdmVyVCR0b3ASAAGGoKgHCBMUFRYaIVUkbnVsbNMJCgsMDxJXTlMua2V5c1pOUy5vYmplY3RzViRjbGFzc6INDoACgAOiEBGABIAFgAdccmVsYXRpdmVQYXRoWWFsaWFzRGF0YV8QrC4uLy4uLy4uLy4uLy4uL0RvY3VtZW50cy9UVSBEcmVzZGVuL0JhY2hlbG9yIFRoZXNpcy9MaXRlcmF0dXJlL0ludGVyYWN0aXZlIFVzZXItQ29udHJvbGxlciBMYXlvdXQvQ29uc3RyYWludC1iYXNlZCBBcHByb2FjaCBieSBNaWNoYWVsIFd5YnJvdy9Ed3llck1hcnJpb3R0MDhJbnRlcmFjdGl2ZS5wZGbSFwsYGVdOUy5kYXRhTxECyAAAAAACyAACAAAMTWFjaW50b3NoIEhEAAAAAAAAAAAAAAAAAAAAzr6AgUgrAAABMmZjHkR3eWVyTWFycmlvdHQwOEludGVyYWN0aXZlLnBkZgAAAAAAAAAAAAAAAAAAAAAAAAAAAAAAAAAAAAAAAAAAAADdn6PPr7FEAAAAAAAAAAAABQAHAAAJIAAAAAAAAAAAAAAAAAAAAB9Db25zdHJhaW50LWJhc2VkIEFwcHJvYSMxMzI2NjYzAAAQAAgAAM6+cnEAAAARAAgAAM+vlSQAAAABACABMmZjATJnMADZJ70AEMDrABCXoQAPbYgAD21tAAAAjAACAK9NYWNpbnRvc2ggSEQ6VXNlcnM6AEx1a2FzOgBEb2N1bWVudHM6AFRVIERyZXNkZW46AEJhY2hlbG9yIFRoZXNpczoATGl0ZXJhdHVyZToASW50ZXJhY3RpdmUgVXNlci1Db250cm8jMTMyNjczMDoAQ29uc3RyYWludC1iYXNlZCBBcHByb2EjMTMyNjY2MzoARHd5ZXJNYXJyaW90dDA4SW50ZXJhY3RpdmUucGRmAAAOAD4AHgBEAHcAeQBlAHIATQBhAHIAcgBpAG8AdAB0ADAAOABJAG4AdABlAHIAYQBjAHQAaQB2AGUALgBwAGQAZgAPABoADABNAGEAYwBpAG4AdABvAHMAaAAgAEgARAASAKlVc2Vycy9MdWthcy9Eb2N1bWVudHMvVFUgRHJlc2Rlbi9CYWNoZWxvciBUaGVzaXMvTGl0ZXJhdHVyZS9JbnRlcmFjdGl2ZSBVc2VyLUNvbnRyb2xsZXIgTGF5b3V0L0NvbnN0cmFpbnQtYmFzZWQgQXBwcm9hY2ggYnkgTWljaGFlbCBXeWJyb3cvRHd5ZXJNYXJyaW90dDA4SW50ZXJhY3RpdmUucGRmAAATAAEvAAAVAAIADP//AACABtIbHB0eWiRjbGFzc25hbWVYJGNsYXNzZXNdTlNNdXRhYmxlRGF0YaMdHyBWTlNEYXRhWE5TT2JqZWN00hscIiNcTlNEaWN0aW9uYXJ5oiIgXxAPTlNLZXllZEFyY2hpdmVy0SYnVHJvb3SAAQAIABEAGgAjAC0AMgA3AEAARgBNAFUAYABnAGoAbABuAHEAcwB1AHcAhACOAT0BQgFKBBYEGAQdBCgEMQQ/BEMESgRTBFgEZQRoBHoEfQSCAAAAAAAAAgEAAAAAAAAAKAAAAAAAAAAAAAAAAAAABIQ=}}

@mastersthesis{Siebenhaller03Automatisches,
	Author = {Martin Siebenhaller},
	Date-Added = {2014-07-20 15:24:11 +0000},
	Date-Modified = {2014-07-29 20:12:50 +0000},
	School = {University of T{\"u}bingen},
	Title = {{Automatisches Layout von UML-Klassendiagrammen}},
	Url = {http://www-pr.informatik.uni-tuebingen.de/mitarbeiter/martinsiebenhaller/downloads/diplomarbeit.pdf},
	Year = {2003},
	Bdsk-File-1 = {YnBsaXN0MDDUAQIDBAUGJCVYJHZlcnNpb25YJG9iamVjdHNZJGFyY2hpdmVyVCR0b3ASAAGGoKgHCBMUFRYaIVUkbnVsbNMJCgsMDxJXTlMua2V5c1pOUy5vYmplY3RzViRjbGFzc6INDoACgAOiEBGABIAFgAdccmVsYXRpdmVQYXRoWWFsaWFzRGF0YV8Qby4uLy4uLy4uLy4uLy4uL0RvY3VtZW50cy9UVSBEcmVzZGVuL0JhY2hlbG9yIFRoZXNpcy9MaXRlcmF0dXJlL0F1dG9tYXRpYyBMYXlvdXQvU2llYmVuaGFsbGVyMDNBdXRvbWF0aXNjaGVzLnBkZtIXCxgZV05TLmRhdGFPEQJIAAAAAAJIAAIAAAxNYWNpbnRvc2ggSEQAAAAAAAAAAAAAAAAAAADOvoCBSCsAAAEyWTEfU2llYmVuaGFsbGVyMDNBdXRvbWF0aXNjaGVzLnBkZgAAAAAAAAAAAAAAAAAAAAAAAAAAAAAAAAAAAAAAAAAAAWY1s8+wr1cAAAAAAAAAAAAFAAYAAAkgAAAAAAAAAAAAAAAAAAAAEEF1dG9tYXRpYyBMYXlvdXQAEAAIAADOvnJxAAAAEQAIAADPsJM3AAAAAQAcATJZMQDZJ70AEMDrABCXoQAPbYgAD21tAAAAjAACAIBNYWNpbnRvc2ggSEQ6VXNlcnM6AEx1a2FzOgBEb2N1bWVudHM6AFRVIERyZXNkZW46AEJhY2hlbG9yIFRoZXNpczoATGl0ZXJhdHVyZToAQXV0b21hdGljIExheW91dDoAU2llYmVuaGFsbGVyMDNBdXRvbWF0aXNjaGVzLnBkZgAOAEAAHwBTAGkAZQBiAGUAbgBoAGEAbABsAGUAcgAwADMAQQB1AHQAbwBtAGEAdABpAHMAYwBoAGUAcwAuAHAAZABmAA8AGgAMAE0AYQBjAGkAbgB0AG8AcwBoACAASABEABIAbFVzZXJzL0x1a2FzL0RvY3VtZW50cy9UVSBEcmVzZGVuL0JhY2hlbG9yIFRoZXNpcy9MaXRlcmF0dXJlL0F1dG9tYXRpYyBMYXlvdXQvU2llYmVuaGFsbGVyMDNBdXRvbWF0aXNjaGVzLnBkZgATAAEvAAAVAAIADP//AACABtIbHB0eWiRjbGFzc25hbWVYJGNsYXNzZXNdTlNNdXRhYmxlRGF0YaMdHyBWTlNEYXRhWE5TT2JqZWN00hscIiNcTlNEaWN0aW9uYXJ5oiIgXxAPTlNLZXllZEFyY2hpdmVy0SYnVHJvb3SAAQAIABEAGgAjAC0AMgA3AEAARgBNAFUAYABnAGoAbABuAHEAcwB1AHcAhACOAQABBQENA1kDWwNgA2sDdAOCA4YDjQOWA5sDqAOrA70DwAPFAAAAAAAAAgEAAAAAAAAAKAAAAAAAAAAAAAAAAAAAA8c=}}

@inproceedings{EiglspergerKaufmanna03A-Topology-Shape-Metrics,
	Author = {Markus Eiglsperger and Michael Kaufmann and Martin Siebenhaller},
	Booktitle = {SOFTVIS},
	Date-Added = {2014-07-20 14:04:28 +0000},
	Date-Modified = {2014-10-12 16:17:15 +0000},
	Pages = {189-198},
	Title = {A Topology-Shape-Metrics Approach for the Automatic Layout of UML Class Diagram},
	Year = {2003}}

@phdthesis{Eiglsperger04Automatic,
	Author = {Eiglsperger, Markus},
	Date-Added = {2014-07-20 14:01:57 +0000},
	Date-Modified = {2014-10-12 16:16:22 +0000},
	School = {Eberhard-Karls-Universit{\"a}t T{\"u}bingen},
	Title = {Automatic Layout of UML Class Diagrams: A Topology-Shape-Metrics Approach},
	Year = {2004},
	Bdsk-File-1 = {YnBsaXN0MDDUAQIDBAUGJCVYJHZlcnNpb25YJG9iamVjdHNZJGFyY2hpdmVyVCR0b3ASAAGGoKgHCBMUFRYaIVUkbnVsbNMJCgsMDxJXTlMua2V5c1pOUy5vYmplY3RzViRjbGFzc6INDoACgAOiEBGABIAFgAdccmVsYXRpdmVQYXRoWWFsaWFzRGF0YV8QjC4uLy4uLy4uLy4uLy4uL0RvY3VtZW50cy9UVSBEcmVzZGVuL0JhY2hlbG9yIFRoZXNpcy9MaXRlcmF0dXJlL0F1dG9tYXRpYyBMYXlvdXQvQSBUb3BvbG9neS1TaGFwZS1NZXRyaWNzIEFwcHJvYWNoL0VpZ2xzcGVyZ2VyMDRBdXRvbWF0aWMucGRm0hcLGBlXTlMuZGF0YU8RAowAAAAAAowAAgAADE1hY2ludG9zaCBIRAAAAAAAAAAAAAAAAAAAAM6+gIFIKwAAAThQ3xpFaWdsc3BlcmdlcjA0QXV0b21hdGljLnBkZgAAAAAAAAAAAAAAAAAAAAAAAAAAAAAAAAAAAAAAAAAAAAAAAAABOFE3z/Xr1AAAAAAAAAAAAAUABwAACSAAAAAAAAAAAAAAAAAAAAAfQSBUb3BvbG9neS1TaGFwZS1NZXRyaWMjMTM4NTBERgAAEAAIAADOvnJxAAAAEQAIAADP9c+0AAAAAQAgAThQ3wEyWTEA2Se9ABDA6wAQl6EAD22IAA9tbQAAAIwAAgCcTWFjaW50b3NoIEhEOlVzZXJzOgBMdWthczoARG9jdW1lbnRzOgBUVSBEcmVzZGVuOgBCYWNoZWxvciBUaGVzaXM6AExpdGVyYXR1cmU6AEF1dG9tYXRpYyBMYXlvdXQ6AEEgVG9wb2xvZ3ktU2hhcGUtTWV0cmljIzEzODUwREY6AEVpZ2xzcGVyZ2VyMDRBdXRvbWF0aWMucGRmAA4ANgAaAEUAaQBnAGwAcwBwAGUAcgBnAGUAcgAwADQAQQB1AHQAbwBtAGEAdABpAGMALgBwAGQAZgAPABoADABNAGEAYwBpAG4AdABvAHMAaAAgAEgARAASAIlVc2Vycy9MdWthcy9Eb2N1bWVudHMvVFUgRHJlc2Rlbi9CYWNoZWxvciBUaGVzaXMvTGl0ZXJhdHVyZS9BdXRvbWF0aWMgTGF5b3V0L0EgVG9wb2xvZ3ktU2hhcGUtTWV0cmljcyBBcHByb2FjaC9FaWdsc3BlcmdlcjA0QXV0b21hdGljLnBkZgAAEwABLwAAFQACAAz//wAAgAbSGxwdHlokY2xhc3NuYW1lWCRjbGFzc2VzXU5TTXV0YWJsZURhdGGjHR8gVk5TRGF0YVhOU09iamVjdNIbHCIjXE5TRGljdGlvbmFyeaIiIF8QD05TS2V5ZWRBcmNoaXZlctEmJ1Ryb290gAEACAARABoAIwAtADIANwBAAEYATQBVAGAAZwBqAGwAbgBxAHMAdQB3AIQAjgEdASIBKgO6A7wDwQPMA9UD4wPnA+4D9wP8BAkEDAQeBCEEJgAAAAAAAAIBAAAAAAAAACgAAAAAAAAAAAAAAAAAAAQo}}

@manual{Gansner14Using,
	Author = {Emden R. Gansner},
	Date-Added = {2014-07-20 12:16:09 +0000},
	Date-Modified = {2014-10-12 16:28:16 +0000},
	Organization = {AT\&T Research},
	Title = {Using Graphviz as a Library},
	Url = {http://www.graphviz.org/doc/libguide/libguide.pdf},
	Year = {2014},
	Bdsk-File-1 = {YnBsaXN0MDDUAQIDBAUGJCVYJHZlcnNpb25YJG9iamVjdHNZJGFyY2hpdmVyVCR0b3ASAAGGoKgHCBMUFRYaIVUkbnVsbNMJCgsMDxJXTlMua2V5c1pOUy5vYmplY3RzViRjbGFzc6INDoACgAOiEBGABIAFgAdccmVsYXRpdmVQYXRoWWFsaWFzRGF0YV8Qay4uLy4uLy4uLy4uLy4uL0RvY3VtZW50cy9UVSBEcmVzZGVuL0JhY2hlbG9yIFRoZXNpcy9MaXRlcmF0dXJlL0F1dG9tYXRpYyBMYXlvdXQvR3JhcGh2aXovR2Fuc25lcjE0VXNpbmcucGRm0hcLGBlXTlMuZGF0YU8RAiQAAAAAAiQAAgAADE1hY2ludG9zaCBIRAAAAAAAAAAAAAAAAAAAAM6+gIFIKwAAATeAdRJHYW5zbmVyMTRVc2luZy5wZGYAAAAAAAAAAAAAAAAAAAAAAAAAAAAAAAAAAAAAAAAAAAAAAAAAAAAAAAAAAAABMlYEz/F/lAAAAAAAAAAAAAUABwAACSAAAAAAAAAAAAAAAAAAAAAIR3JhcGh2aXoAEAAIAADOvnJxAAAAEQAIAADP8WN0AAAAAQAgATeAdQEyWTEA2Se9ABDA6wAQl6EAD22IAA9tbQAAAIwAAgB9TWFjaW50b3NoIEhEOlVzZXJzOgBMdWthczoARG9jdW1lbnRzOgBUVSBEcmVzZGVuOgBCYWNoZWxvciBUaGVzaXM6AExpdGVyYXR1cmU6AEF1dG9tYXRpYyBMYXlvdXQ6AEdyYXBodml6OgBHYW5zbmVyMTRVc2luZy5wZGYAAA4AJgASAEcAYQBuAHMAbgBlAHIAMQA0AFUAcwBpAG4AZwAuAHAAZABmAA8AGgAMAE0AYQBjAGkAbgB0AG8AcwBoACAASABEABIAaFVzZXJzL0x1a2FzL0RvY3VtZW50cy9UVSBEcmVzZGVuL0JhY2hlbG9yIFRoZXNpcy9MaXRlcmF0dXJlL0F1dG9tYXRpYyBMYXlvdXQvR3JhcGh2aXovR2Fuc25lcjE0VXNpbmcucGRmABMAAS8AABUAAgAM//8AAIAG0hscHR5aJGNsYXNzbmFtZVgkY2xhc3Nlc11OU011dGFibGVEYXRhox0fIFZOU0RhdGFYTlNPYmplY3TSGxwiI1xOU0RpY3Rpb25hcnmiIiBfEA9OU0tleWVkQXJjaGl2ZXLRJidUcm9vdIABAAgAEQAaACMALQAyADcAQABGAE0AVQBgAGcAagBsAG4AcQBzAHUAdwCEAI4A/AEBAQkDMQMzAzgDQwNMA1oDXgNlA24DcwOAA4MDlQOYA50AAAAAAAACAQAAAAAAAAAoAAAAAAAAAAAAAAAAAAADnw==}}

@manual{14Visual,
	Date-Added = {2014-07-18 09:29:50 +0000},
	Date-Modified = {2014-07-20 15:19:42 +0000},
	Organization = {Visual Paradigm},
	Title = {Visual Paradigm User's Guide},
	Url = {http://www.visual-paradigm.com/support/documents/},
	Year = {2014},
	Bdsk-File-1 = {YnBsaXN0MDDUAQIDBAUGJCVYJHZlcnNpb25YJG9iamVjdHNZJGFyY2hpdmVyVCR0b3ASAAGGoKgHCBMUFRYaIVUkbnVsbNMJCgsMDxJXTlMua2V5c1pOUy5vYmplY3RzViRjbGFzc6INDoACgAOiEBGABIAFgAdccmVsYXRpdmVQYXRoWWFsaWFzRGF0YV8QWS4uLy4uLy4uLy4uLy4uL0RvY3VtZW50cy9UVSBEcmVzZGVuL0JhY2hlbG9yIFRoZXNpcy9MaXRlcmF0dXJlL01hbnVhbCBMYXlvdXQvMTRWaXN1YWwucGRm0hcLGBlXTlMuZGF0YU8RAfQAAAAAAfQAAgAADE1hY2ludG9zaCBIRAAAAAAAAAAAAAAAAAAAAM6+gIFIKwAAATE+QgwxNFZpc3VhbC5wZGYAAAAAAAAAAAAAAAAAAAAAAAAAAAAAAAAAAAAAAAAAAAAAAAAAAAAAAAAAAAAAAAAAAAABMV8nz+6uRgAAAAAAAAAAAAUABgAACSAAAAAAAAAAAAAAAAAAAAANTWFudWFsIExheW91dAAAEAAIAADOvnJxAAAAEQAIAADP7pImAAAAAQAcATE+QgDZJ70AEMDrABCXoQAPbYgAD21tAAAAjAACAGpNYWNpbnRvc2ggSEQ6VXNlcnM6AEx1a2FzOgBEb2N1bWVudHM6AFRVIERyZXNkZW46AEJhY2hlbG9yIFRoZXNpczoATGl0ZXJhdHVyZToATWFudWFsIExheW91dDoAMTRWaXN1YWwucGRmAA4AGgAMADEANABWAGkAcwB1AGEAbAAuAHAAZABmAA8AGgAMAE0AYQBjAGkAbgB0AG8AcwBoACAASABEABIAVlVzZXJzL0x1a2FzL0RvY3VtZW50cy9UVSBEcmVzZGVuL0JhY2hlbG9yIFRoZXNpcy9MaXRlcmF0dXJlL01hbnVhbCBMYXlvdXQvMTRWaXN1YWwucGRmABMAAS8AABUAAgAM//8AAIAG0hscHR5aJGNsYXNzbmFtZVgkY2xhc3Nlc11OU011dGFibGVEYXRhox0fIFZOU0RhdGFYTlNPYmplY3TSGxwiI1xOU0RpY3Rpb25hcnmiIiBfEA9OU0tleWVkQXJjaGl2ZXLRJidUcm9vdIABAAgAEQAaACMALQAyADcAQABGAE0AVQBgAGcAagBsAG4AcQBzAHUAdwCEAI4A6gDvAPcC7wLxAvYDAQMKAxgDHAMjAywDMQM+A0EDUwNWA1sAAAAAAAACAQAAAAAAAAAoAAAAAAAAAAAAAAAAAAADXQ==}}

@manual{08OmniGraffle,
	Date-Added = {2014-07-18 09:10:26 +0000},
	Date-Modified = {2014-10-12 16:08:35 +0000},
	Organization = {The Omni Group},
	Title = {OmniGraffle 5 Professional Manual},
	Url = {http://downloads2.omnigroup.com/software/MacOSX/Manuals/OmniGraffle-5-Manual.pdf},
	Year = {2008},
	Bdsk-File-1 = {YnBsaXN0MDDUAQIDBAUGJCVYJHZlcnNpb25YJG9iamVjdHNZJGFyY2hpdmVyVCR0b3ASAAGGoKgHCBMUFRYaIVUkbnVsbNMJCgsMDxJXTlMua2V5c1pOUy5vYmplY3RzViRjbGFzc6INDoACgAOiEBGABIAFgAdccmVsYXRpdmVQYXRoWWFsaWFzRGF0YV8QXi4uLy4uLy4uLy4uLy4uL0RvY3VtZW50cy9UVSBEcmVzZGVuL0JhY2hlbG9yIFRoZXNpcy9MaXRlcmF0dXJlL01hbnVhbCBMYXlvdXQvMDhPbW5pR3JhZmZsZS5wZGbSFwsYGVdOUy5kYXRhTxECCgAAAAACCgACAAAMTWFjaW50b3NoIEhEAAAAAAAAAAAAAAAAAAAAzr6AgUgrAAABMT5CETA4T21uaUdyYWZmbGUucGRmAAAAAAAAAAAAAAAAAAAAAAAAAAAAAAAAAAAAAAAAAAAAAAAAAAAAAAAAAAAAAAExsHLP7q3fAAAAAAAAAAAABQAGAAAJIAAAAAAAAAAAAAAAAAAAAA1NYW51YWwgTGF5b3V0AAAQAAgAAM6+cnEAAAARAAgAAM/ukb8AAAABABwBMT5CANknvQAQwOsAEJehAA9tiAAPbW0AAACMAAIAb01hY2ludG9zaCBIRDpVc2VyczoATHVrYXM6AERvY3VtZW50czoAVFUgRHJlc2RlbjoAQmFjaGVsb3IgVGhlc2lzOgBMaXRlcmF0dXJlOgBNYW51YWwgTGF5b3V0OgAwOE9tbmlHcmFmZmxlLnBkZgAADgAkABEAMAA4AE8AbQBuAGkARwByAGEAZgBmAGwAZQAuAHAAZABmAA8AGgAMAE0AYQBjAGkAbgB0AG8AcwBoACAASABEABIAW1VzZXJzL0x1a2FzL0RvY3VtZW50cy9UVSBEcmVzZGVuL0JhY2hlbG9yIFRoZXNpcy9MaXRlcmF0dXJlL01hbnVhbCBMYXlvdXQvMDhPbW5pR3JhZmZsZS5wZGYAABMAAS8AABUAAgAM//8AAIAG0hscHR5aJGNsYXNzbmFtZVgkY2xhc3Nlc11OU011dGFibGVEYXRhox0fIFZOU0RhdGFYTlNPYmplY3TSGxwiI1xOU0RpY3Rpb25hcnmiIiBfEA9OU0tleWVkQXJjaGl2ZXLRJidUcm9vdIABAAgAEQAaACMALQAyADcAQABGAE0AVQBgAGcAagBsAG4AcQBzAHUAdwCEAI4A7wD0APwDCgMMAxEDHAMlAzMDNwM+A0cDTANZA1wDbgNxA3YAAAAAAAACAQAAAAAAAAAoAAAAAAAAAAAAAAAAAAADeA==}}

@manual{11Keynote,
	Date-Added = {2014-07-18 08:28:28 +0000},
	Date-Modified = {2014-10-12 15:48:35 +0000},
	Organization = {Apple Inc.},
	Title = {Keynote '09 Benutzerhandbuch},
	Url = {http://manuals.info.apple.com/de_DE/Keynote09_Benutzerhandbuch.pdf},
	Year = {2011},
	Bdsk-File-1 = {YnBsaXN0MDDUAQIDBAUGJCVYJHZlcnNpb25YJG9iamVjdHNZJGFyY2hpdmVyVCR0b3ASAAGGoKgHCBMUFRYaIVUkbnVsbNMJCgsMDxJXTlMua2V5c1pOUy5vYmplY3RzViRjbGFzc6INDoACgAOiEBGABIAFgAdccmVsYXRpdmVQYXRoWWFsaWFzRGF0YV8QWi4uLy4uLy4uLy4uLy4uL0RvY3VtZW50cy9UVSBEcmVzZGVuL0JhY2hlbG9yIFRoZXNpcy9MaXRlcmF0dXJlL01hbnVhbCBMYXlvdXQvMTFLZXlub3RlLnBkZtIXCxgZV05TLmRhdGFPEQH6AAAAAAH6AAIAAAxNYWNpbnRvc2ggSEQAAAAAAAAAAAAAAAAAAADOvoCBSCsAAAExPkINMTFLZXlub3RlLnBkZgAAAAAAAAAAAAAAAAAAAAAAAAAAAAAAAAAAAAAAAAAAAAAAAAAAAAAAAAAAAAAAAAAAATGovc/tTuwAAAAAAAAAAAAFAAYAAAkgAAAAAAAAAAAAAAAAAAAADU1hbnVhbCBMYXlvdXQAABAACAAAzr5ycQAAABEACAAAz+0yzAAAAAEAHAExPkIA2Se9ABDA6wAQl6EAD22IAA9tbQAAAIwAAgBrTWFjaW50b3NoIEhEOlVzZXJzOgBMdWthczoARG9jdW1lbnRzOgBUVSBEcmVzZGVuOgBCYWNoZWxvciBUaGVzaXM6AExpdGVyYXR1cmU6AE1hbnVhbCBMYXlvdXQ6ADExS2V5bm90ZS5wZGYAAA4AHAANADEAMQBLAGUAeQBuAG8AdABlAC4AcABkAGYADwAaAAwATQBhAGMAaQBuAHQAbwBzAGgAIABIAEQAEgBXVXNlcnMvTHVrYXMvRG9jdW1lbnRzL1RVIERyZXNkZW4vQmFjaGVsb3IgVGhlc2lzL0xpdGVyYXR1cmUvTWFudWFsIExheW91dC8xMUtleW5vdGUucGRmAAATAAEvAAAVAAIADP//AACABtIbHB0eWiRjbGFzc25hbWVYJGNsYXNzZXNdTlNNdXRhYmxlRGF0YaMdHyBWTlNEYXRhWE5TT2JqZWN00hscIiNcTlNEaWN0aW9uYXJ5oiIgXxAPTlNLZXllZEFyY2hpdmVy0SYnVHJvb3SAAQAIABEAGgAjAC0AMgA3AEAARgBNAFUAYABnAGoAbABuAHEAcwB1AHcAhACOAOsA8AD4AvYC+AL9AwgDEQMfAyMDKgMzAzgDRQNIA1oDXQNiAAAAAAAAAgEAAAAAAAAAKAAAAAAAAAAAAAAAAAAAA2Q=}}

@webpage{Ambler04UML-2-Class,
	Author = {Ambler, Scott W.},
	Date-Added = {2014-06-19 10:56:01 +0000},
	Date-Modified = {2014-10-12 16:00:15 +0000},
	Lastchecked = {15.09.2014},
	Title = {{UML 2 Class Diagrams: An Agile Introduction}},
	Url = {http://www.agilemodeling.com/artifacts/classDiagram.htm},
	Year = {2004},
	Bdsk-Url-1 = {http://martinfowler.com/bliki/UmlAsSketch.html}}

@book{Olsen10OmniGraffle,
	Author = {Olsen, Ruben},
	Date-Added = {2014-06-18 22:37:06 +0000},
	Date-Modified = {2014-10-12 16:37:05 +0000},
	Isbn = {978-1849690768},
	Publisher = {Packt Publishing},
	Title = {OmniGraffle 5 Diagramming Essentials: Create Better Diagrams with Less Effort Using OmniGraffle},
	Year = {2010},
	Bdsk-File-1 = {YnBsaXN0MDDUAQIDBAUGJCVYJHZlcnNpb25YJG9iamVjdHNZJGFyY2hpdmVyVCR0b3ASAAGGoKgHCBMUFRYaIVUkbnVsbNMJCgsMDxJXTlMua2V5c1pOUy5vYmplY3RzViRjbGFzc6INDoACgAOiEBGABIAFgAdccmVsYXRpdmVQYXRoWWFsaWFzRGF0YV8QYy4uLy4uLy4uLy4uLy4uL0RvY3VtZW50cy9UVSBEcmVzZGVuL0JhY2hlbG9yIFRoZXNpcy9MaXRlcmF0dXJlL01hbnVhbCBMYXlvdXQvT2xzZW4xME9tbmlHcmFmZmxlLnBkZtIXCxgZV05TLmRhdGFPEQIcAAAAAAIcAAIAAAxNYWNpbnRvc2ggSEQAAAAAAAAAAAAAAAAAAADOvoCBSCsAAAExPkIWT2xzZW4xME9tbmlHcmFmZmxlLnBkZgAAAAAAAAAAAAAAAAAAAAAAAAAAAAAAAAAAAAAAAAAAAAAAAAAAAAAAAPhCnM/I8cwAAAAAAAAAAAAFAAYAAAkgAAAAAAAAAAAAAAAAAAAADU1hbnVhbCBMYXlvdXQAABAACAAAzr5ycQAAABEACAAAz8jVrAAAAAEAHAExPkIA2Se9ABDA6wAQl6EAD22IAA9tbQAAAIwAAgB0TWFjaW50b3NoIEhEOlVzZXJzOgBMdWthczoARG9jdW1lbnRzOgBUVSBEcmVzZGVuOgBCYWNoZWxvciBUaGVzaXM6AExpdGVyYXR1cmU6AE1hbnVhbCBMYXlvdXQ6AE9sc2VuMTBPbW5pR3JhZmZsZS5wZGYADgAuABYATwBsAHMAZQBuADEAMABPAG0AbgBpAEcAcgBhAGYAZgBsAGUALgBwAGQAZgAPABoADABNAGEAYwBpAG4AdABvAHMAaAAgAEgARAASAGBVc2Vycy9MdWthcy9Eb2N1bWVudHMvVFUgRHJlc2Rlbi9CYWNoZWxvciBUaGVzaXMvTGl0ZXJhdHVyZS9NYW51YWwgTGF5b3V0L09sc2VuMTBPbW5pR3JhZmZsZS5wZGYAEwABLwAAFQACAAz//wAAgAbSGxwdHlokY2xhc3NuYW1lWCRjbGFzc2VzXU5TTXV0YWJsZURhdGGjHR8gVk5TRGF0YVhOU09iamVjdNIbHCIjXE5TRGljdGlvbmFyeaIiIF8QD05TS2V5ZWRBcmNoaXZlctEmJ1Ryb290gAEACAARABoAIwAtADIANwBAAEYATQBVAGAAZwBqAGwAbgBxAHMAdQB3AIQAjgD0APkBAQMhAyMDKAMzAzwDSgNOA1UDXgNjA3ADcwOFA4gDjQAAAAAAAAIBAAAAAAAAACgAAAAAAAAAAAAAAAAAAAOP}}

@inproceedings{SeyboldGlinz03An-Effective,
	Address = {Washington, USA},
	Author = {Seybold, Christian and Glinz, Martin and Meier, Silvio and Merlo-Schett, Nancy},
	Booktitle = {Proceedings of the 25th International Conference on Software Engineering},
	Date-Added = {2014-06-18 22:31:39 +0000},
	Date-Modified = {2014-10-12 16:40:01 +0000},
	Pages = {826-827},
	Publisher = {IEEE Computer Society},
	Series = {ICSE '03},
	Title = {An Effective Layout Adaptation Technique for a Graphical Modeling Tool},
	Year = {2003},
	Bdsk-File-1 = {YnBsaXN0MDDUAQIDBAUGJCVYJHZlcnNpb25YJG9iamVjdHNZJGFyY2hpdmVyVCR0b3ASAAGGoKgHCBMUFRYaIVUkbnVsbNMJCgsMDxJXTlMua2V5c1pOUy5vYmplY3RzViRjbGFzc6INDoACgAOiEBGABIAFgAdccmVsYXRpdmVQYXRoWWFsaWFzRGF0YV8QgC4uLy4uLy4uLy4uLy4uL0RvY3VtZW50cy9UVSBEcmVzZGVuL0JhY2hlbG9yIFRoZXNpcy9MaXRlcmF0dXJlL0ludGVyYWN0aXZlIFVzZXItQ29udHJvbGxlciBMYXlvdXQvU2V5Ym9sZEdsaW56MDNBbi1FZmZlY3RpdmUucGRm0hcLGBlXTlMuZGF0YU8RAnYAAAAAAnYAAgAADE1hY2ludG9zaCBIRAAAAAAAAAAAAAAAAAAAAM6+gIFIKwAAATJnMB5TZXlib2xkR2xpbnowM0FuLUVmZmVjdGl2ZS5wZGYAAAAAAAAAAAAAAAAAAAAAAAAAAAAAAAAAAAAAAAAAAAAA9Ti0z8UxfQAAAAAAAAAAAAUABgAACSAAAAAAAAAAAAAAAAAAAAAfSW50ZXJhY3RpdmUgVXNlci1Db250cm8jMTMyNjczMAAAEAAIAADOvnJxAAAAEQAIAADPxRVdAAAAAQAcATJnMADZJ70AEMDrABCXoQAPbYgAD21tAAAAjAACAI5NYWNpbnRvc2ggSEQ6VXNlcnM6AEx1a2FzOgBEb2N1bWVudHM6AFRVIERyZXNkZW46AEJhY2hlbG9yIFRoZXNpczoATGl0ZXJhdHVyZToASW50ZXJhY3RpdmUgVXNlci1Db250cm8jMTMyNjczMDoAU2V5Ym9sZEdsaW56MDNBbi1FZmZlY3RpdmUucGRmAA4APgAeAFMAZQB5AGIAbwBsAGQARwBsAGkAbgB6ADAAMwBBAG4ALQBFAGYAZgBlAGMAdABpAHYAZQAuAHAAZABmAA8AGgAMAE0AYQBjAGkAbgB0AG8AcwBoACAASABEABIAfVVzZXJzL0x1a2FzL0RvY3VtZW50cy9UVSBEcmVzZGVuL0JhY2hlbG9yIFRoZXNpcy9MaXRlcmF0dXJlL0ludGVyYWN0aXZlIFVzZXItQ29udHJvbGxlciBMYXlvdXQvU2V5Ym9sZEdsaW56MDNBbi1FZmZlY3RpdmUucGRmAAATAAEvAAAVAAIADP//AACABtIbHB0eWiRjbGFzc25hbWVYJGNsYXNzZXNdTlNNdXRhYmxlRGF0YaMdHyBWTlNEYXRhWE5TT2JqZWN00hscIiNcTlNEaWN0aW9uYXJ5oiIgXxAPTlNLZXllZEFyY2hpdmVy0SYnVHJvb3SAAQAIABEAGgAjAC0AMgA3AEAARgBNAFUAYABnAGoAbABuAHEAcwB1AHcAhACOAREBFgEeA5gDmgOfA6oDswPBA8UDzAPVA9oD5wPqA/wD/wQEAAAAAAAAAgEAAAAAAAAAKAAAAAAAAAAAAAAAAAAABAY=}}

@article{GladischSchumann14Semi-Automatic,
	Author = {Stefan Gladisch and Heidrun Schumann and Mathias Ernst and Georg F{\"u}llen and Christian Tominski},
	Date-Added = {2014-06-18 22:22:59 +0000},
	Date-Modified = {2014-07-20 15:27:52 +0000},
	Journal = {Computer Graphics Forum},
	Number = {3},
	Pages = {381-390},
	Title = {{Semi-Automatic Editing of Graphs with Customized Layouts}},
	Volume = {33},
	Year = {2014},
	Bdsk-File-1 = {YnBsaXN0MDDUAQIDBAUGJCVYJHZlcnNpb25YJG9iamVjdHNZJGFyY2hpdmVyVCR0b3ASAAGGoKgHCBMUFRYaIVUkbnVsbNMJCgsMDxJXTlMua2V5c1pOUy5vYmplY3RzViRjbGFzc6INDoACgAOiEBGABIAFgAdccmVsYXRpdmVQYXRoWWFsaWFzRGF0YV8QfC4uLy4uLy4uLy4uLy4uL0RvY3VtZW50cy9UVSBEcmVzZGVuL0JhY2hlbG9yIFRoZXNpcy9MaXRlcmF0dXJlL0ludGVyYWN0aXZlIFVzZXItQ29udHJvbGxlciBMYXlvdXQvR2xhZGlzY2hTY2h1bWFubjE0U2VtaS5wZGbSFwsYGVdOUy5kYXRhTxECZgAAAAACZgACAAAMTWFjaW50b3NoIEhEAAAAAAAAAAAAAAAAAAAAzr6AgUgrAAABMmcwGkdsYWRpc2NoU2NodW1hbm4xNFNlbWkucGRmAAAAAAAAAAAAAAAAAAAAAAAAAAAAAAAAAAAAAAAAAAAAAAAAAAD12BPPx1WIAAAAAAAAAAAABQAGAAAJIAAAAAAAAAAAAAAAAAAAAB9JbnRlcmFjdGl2ZSBVc2VyLUNvbnRybyMxMzI2NzMwAAAQAAgAAM6+cnEAAAARAAgAAM/HOWgAAAABABwBMmcwANknvQAQwOsAEJehAA9tiAAPbW0AAACMAAIAik1hY2ludG9zaCBIRDpVc2VyczoATHVrYXM6AERvY3VtZW50czoAVFUgRHJlc2RlbjoAQmFjaGVsb3IgVGhlc2lzOgBMaXRlcmF0dXJlOgBJbnRlcmFjdGl2ZSBVc2VyLUNvbnRybyMxMzI2NzMwOgBHbGFkaXNjaFNjaHVtYW5uMTRTZW1pLnBkZgAOADYAGgBHAGwAYQBkAGkAcwBjAGgAUwBjAGgAdQBtAGEAbgBuADEANABTAGUAbQBpAC4AcABkAGYADwAaAAwATQBhAGMAaQBuAHQAbwBzAGgAIABIAEQAEgB5VXNlcnMvTHVrYXMvRG9jdW1lbnRzL1RVIERyZXNkZW4vQmFjaGVsb3IgVGhlc2lzL0xpdGVyYXR1cmUvSW50ZXJhY3RpdmUgVXNlci1Db250cm9sbGVyIExheW91dC9HbGFkaXNjaFNjaHVtYW5uMTRTZW1pLnBkZgAAEwABLwAAFQACAAz//wAAgAbSGxwdHlokY2xhc3NuYW1lWCRjbGFzc2VzXU5TTXV0YWJsZURhdGGjHR8gVk5TRGF0YVhOU09iamVjdNIbHCIjXE5TRGljdGlvbmFyeaIiIF8QD05TS2V5ZWRBcmNoaXZlctEmJ1Ryb290gAEACAARABoAIwAtADIANwBAAEYATQBVAGAAZwBqAGwAbgBxAHMAdQB3AIQAjgENARIBGgOEA4YDiwOWA58DrQOxA7gDwQPGA9MD1gPoA+sD8AAAAAAAAAIBAAAAAAAAACgAAAAAAAAAAAAAAAAAAAPy}}

@book{Ambler05The-Elements,
	Abstract = {For all developers who create models using the Unified Modeling Language (UML) 2.x The Elements of UML 2.0 Style sets the rules for style that will improve your productivity---especially in teams, where understandability and consistency are critical. Coming from renowned UML expert Scott Ambler, the book furnishes a set of rules for modelling in the UML and describes a collection of standards and guidelines for creating effective UML diagrams that will be concise and easy to understand. It provides conventions for: Class diagrams; Timing Diagrams; Use case diagrams; Composite Structure Diagrams; Sequence diagrams; Interaction Overview Diagrams; Activity diagrams; Object diagrams; State machine diagrams; Package diagrams; Communication diagrams; Deployment diagrams and Component diagrams. The Elements of UML 2.0 Style sets the rules for style that will improve your productivity.},
	Address = {Cambridge, UK},
	Author = {Ambler, Scott W.},
	Date-Added = {2014-06-16 09:29:20 +0000},
	Date-Modified = {2014-10-12 15:42:18 +0000},
	Isbn = {978-0521616782},
	Publisher = {Cambridge University Press},
	Title = {The Elements of UML 2.0 Style},
	Year = 2005}

@phdthesis{Wybrow08Using,
	Author = {Wybrow, Michael},
	Date-Added = {2014-06-16 09:22:40 +0000},
	Date-Modified = {2014-10-12 16:43:24 +0000},
	School = {Clayton School of Information Technology, Monash University},
	Title = {Using Semi-automatic Layout to Improve the Usability of Diagramming Software},
	Url = {http://www.csse.monash.edu.au/~mwybrow/papers/wybrow-thesis-2008.pdf},
	Year = {2008},
	Bdsk-File-1 = {YnBsaXN0MDDUAQIDBAUGJCVYJHZlcnNpb25YJG9iamVjdHNZJGFyY2hpdmVyVCR0b3ASAAGGoKgHCBMUFRYaIVUkbnVsbNMJCgsMDxJXTlMua2V5c1pOUy5vYmplY3RzViRjbGFzc6INDoACgAOiEBGABIAFgAdccmVsYXRpdmVQYXRoWWFsaWFzRGF0YV8Qny4uLy4uLy4uLy4uLy4uL0RvY3VtZW50cy9UVSBEcmVzZGVuL0JhY2hlbG9yIFRoZXNpcy9MaXRlcmF0dXJlL0ludGVyYWN0aXZlIFVzZXItQ29udHJvbGxlciBMYXlvdXQvQ29uc3RyYWludC1iYXNlZCBBcHByb2FjaCBieSBNaWNoYWVsIFd5YnJvdy9XeWJyb3cwOFVzaW5nLnBkZtIXCxgZV05TLmRhdGFPEQKSAAAAAAKSAAIAAAxNYWNpbnRvc2ggSEQAAAAAAAAAAAAAAAAAAADOvoCBSCsAAAEyZmMRV3licm93MDhVc2luZy5wZGYAAAAAAAAAAAAAAAAAAAAAAAAAAAAAAAAAAAAAAAAAAAAAAAAAAAAAAAAAAAAAAWVitM+wtZEAAAAAAAAAAAAFAAcAAAkgAAAAAAAAAAAAAAAAAAAAH0NvbnN0cmFpbnQtYmFzZWQgQXBwcm9hIzEzMjY2NjMAABAACAAAzr5ycQAAABEACAAAz7CZcQAAAAEAIAEyZmMBMmcwANknvQAQwOsAEJehAA9tiAAPbW0AAACMAAIAok1hY2ludG9zaCBIRDpVc2VyczoATHVrYXM6AERvY3VtZW50czoAVFUgRHJlc2RlbjoAQmFjaGVsb3IgVGhlc2lzOgBMaXRlcmF0dXJlOgBJbnRlcmFjdGl2ZSBVc2VyLUNvbnRybyMxMzI2NzMwOgBDb25zdHJhaW50LWJhc2VkIEFwcHJvYSMxMzI2NjYzOgBXeWJyb3cwOFVzaW5nLnBkZgAOACQAEQBXAHkAYgByAG8AdwAwADgAVQBzAGkAbgBnAC4AcABkAGYADwAaAAwATQBhAGMAaQBuAHQAbwBzAGgAIABIAEQAEgCcVXNlcnMvTHVrYXMvRG9jdW1lbnRzL1RVIERyZXNkZW4vQmFjaGVsb3IgVGhlc2lzL0xpdGVyYXR1cmUvSW50ZXJhY3RpdmUgVXNlci1Db250cm9sbGVyIExheW91dC9Db25zdHJhaW50LWJhc2VkIEFwcHJvYWNoIGJ5IE1pY2hhZWwgV3licm93L1d5YnJvdzA4VXNpbmcucGRmABMAAS8AABUAAgAM//8AAIAG0hscHR5aJGNsYXNzbmFtZVgkY2xhc3Nlc11OU011dGFibGVEYXRhox0fIFZOU0RhdGFYTlNPYmplY3TSGxwiI1xOU0RpY3Rpb25hcnmiIiBfEA9OU0tleWVkQXJjaGl2ZXLRJidUcm9vdIABAAgAEQAaACMALQAyADcAQABGAE0AVQBgAGcAagBsAG4AcQBzAHUAdwCEAI4BMAE1AT0D0wPVA9oD5QPuA/wEAAQHBBAEFQQiBCUENwQ6BD8AAAAAAAACAQAAAAAAAAAoAAAAAAAAAAAAAAAAAAAEQQ==}}

@book{Ambler02Agile,
	Address = {New York, USA},
	Author = {Ambler, Scott W.},
	Date-Added = {2014-06-16 09:19:19 +0000},
	Date-Modified = {2014-10-12 15:39:24 +0000},
	Isbn = {978-0471202820},
	Publisher = {John Wiley \& Sons, Inc.},
	Title = {Agile Modeling: Effective Practices for eXtreme Programming and the Unified Process},
	Year = {2002}}

@inproceedings{MaierMinas13A-Pattern-based,
	Author = {Maier, Sonja and Minas, Mark},
	Booktitle = {Proceedings of the 12th International Workshop on Graph Transformation and Visual Modeling Techniques},
	Date-Added = {2014-06-16 09:10:56 +0000},
	Date-Modified = {2014-10-12 16:33:00 +0000},
	Editor = {Tichy, Matthias and Ribeiro, Leila},
	Series = {Electronic Communications of the EASST},
	Title = {A Pattern-based Approach for Initial Diagram Layout},
	Volume = 58,
	Year = 2013,
	Bdsk-File-1 = {YnBsaXN0MDDUAQIDBAUGJCVYJHZlcnNpb25YJG9iamVjdHNZJGFyY2hpdmVyVCR0b3ASAAGGoKgHCBMUFRYaIVUkbnVsbNMJCgsMDxJXTlMua2V5c1pOUy5vYmplY3RzViRjbGFzc6INDoACgAOiEBGABIAFgAdccmVsYXRpdmVQYXRoWWFsaWFzRGF0YV8Qpy4uLy4uLy4uLy4uLy4uL0RvY3VtZW50cy9UVSBEcmVzZGVuL0JhY2hlbG9yIFRoZXNpcy9MaXRlcmF0dXJlL0ludGVyYWN0aXZlIFVzZXItQ29udHJvbGxlciBMYXlvdXQvUGF0dGVybi1iYXNlZCBBcHByb2FjaCBieSBTb25qYSBNYWllci9NYWllck1pbmFzMTNBLVBhdHRlcm4tYmFzZWQucGRm0hcLGBlXTlMuZGF0YU8RAsQAAAAAAsQAAgAADE1hY2ludG9zaCBIRAAAAAAAAAAAAAAAAAAAAM6+gIFIKwAAATJmBh9NYWllck1pbmFzMTNBLVBhdHRlcm4tYmFzZWQucGRmAAAAAAAAAAAAAAAAAAAAAAAAAAAAAAAAAAAAAAAAAAAA2S9+z6o5RwAAAAAAAAAAAAUABwAACSAAAAAAAAAAAAAAAAAAAAAfUGF0dGVybi1iYXNlZCBBcHByb2FjaCAjMTMyNjYwNgAAEAAIAADOvnJxAAAAEQAIAADPqh0nAAAAAQAgATJmBgEyZzAA2Se9ABDA6wAQl6EAD22IAA9tbQAAAIwAAgCwTWFjaW50b3NoIEhEOlVzZXJzOgBMdWthczoARG9jdW1lbnRzOgBUVSBEcmVzZGVuOgBCYWNoZWxvciBUaGVzaXM6AExpdGVyYXR1cmU6AEludGVyYWN0aXZlIFVzZXItQ29udHJvIzEzMjY3MzA6AFBhdHRlcm4tYmFzZWQgQXBwcm9hY2ggIzEzMjY2MDY6AE1haWVyTWluYXMxM0EtUGF0dGVybi1iYXNlZC5wZGYADgBAAB8ATQBhAGkAZQByAE0AaQBuAGEAcwAxADMAQQAtAFAAYQB0AHQAZQByAG4ALQBiAGEAcwBlAGQALgBwAGQAZgAPABoADABNAGEAYwBpAG4AdABvAHMAaAAgAEgARAASAKRVc2Vycy9MdWthcy9Eb2N1bWVudHMvVFUgRHJlc2Rlbi9CYWNoZWxvciBUaGVzaXMvTGl0ZXJhdHVyZS9JbnRlcmFjdGl2ZSBVc2VyLUNvbnRyb2xsZXIgTGF5b3V0L1BhdHRlcm4tYmFzZWQgQXBwcm9hY2ggYnkgU29uamEgTWFpZXIvTWFpZXJNaW5hczEzQS1QYXR0ZXJuLWJhc2VkLnBkZgATAAEvAAAVAAIADP//AACABtIbHB0eWiRjbGFzc25hbWVYJGNsYXNzZXNdTlNNdXRhYmxlRGF0YaMdHyBWTlNEYXRhWE5TT2JqZWN00hscIiNcTlNEaWN0aW9uYXJ5oiIgXxAPTlNLZXllZEFyY2hpdmVy0SYnVHJvb3SAAQAIABEAGgAjAC0AMgA3AEAARgBNAFUAYABnAGoAbABuAHEAcwB1AHcAhACOATgBPQFFBA0EDwQUBB8EKAQ2BDoEQQRKBE8EXARfBHEEdAR5AAAAAAAAAgEAAAAAAAAAKAAAAAAAAAAAAAAAAAAABHs=},
	Bdsk-Url-1 = {http://journal.ub.tu-berlin.de/eceasst/article/view/849}}

@incollection{DwyerMarriott09Dunnart:,
	Author = {Dwyer, Tim and Marriott, Kim and Wybrow, Michael},
	Booktitle = {Graph Drawing},
	Date-Added = {2014-06-16 09:08:07 +0000},
	Date-Modified = {2014-07-20 15:19:42 +0000},
	Doi = {10.1007/978-3-642-00219-9_41},
	Editor = {Tollis, IoannisG. and Patrignani, Maurizio},
	Isbn = {978-3-642-00218-2},
	Pages = {420-431},
	Publisher = {Springer Berlin Heidelberg},
	Series = {Lecture Notes in Computer Science},
	Title = {Dunnart: A Constraint-Based Network Diagram Authoring Tool},
	Url = {http://dx.doi.org/10.1007/978-3-642-00219-9_41},
	Volume = {5417},
	Year = {2009},
	Bdsk-File-1 = {YnBsaXN0MDDUAQIDBAUGJCVYJHZlcnNpb25YJG9iamVjdHNZJGFyY2hpdmVyVCR0b3ASAAGGoKgHCBMUFRYaIVUkbnVsbNMJCgsMDxJXTlMua2V5c1pOUy5vYmplY3RzViRjbGFzc6INDoACgAOiEBGABIAFgAdccmVsYXRpdmVQYXRoWWFsaWFzRGF0YV8QqC4uLy4uLy4uLy4uLy4uL0RvY3VtZW50cy9UVSBEcmVzZGVuL0JhY2hlbG9yIFRoZXNpcy9MaXRlcmF0dXJlL0ludGVyYWN0aXZlIFVzZXItQ29udHJvbGxlciBMYXlvdXQvQ29uc3RyYWludC1iYXNlZCBBcHByb2FjaCBieSBNaWNoYWVsIFd5YnJvdy9Ed3llck1hcnJpb3R0MDlEdW5uYXJ0LnBkZtIXCxgZV05TLmRhdGFPEQK4AAAAAAK4AAIAAAxNYWNpbnRvc2ggSEQAAAAAAAAAAAAAAAAAAADOvoCBSCsAAAEyZmMaRHd5ZXJNYXJyaW90dDA5RHVubmFydC5wZGYAAAAAAAAAAAAAAAAAAAAAAAAAAAAAAAAAAAAAAAAAAAAAAAAAANuXws+urEsAAAAAAAAAAAAFAAcAAAkgAAAAAAAAAAAAAAAAAAAAH0NvbnN0cmFpbnQtYmFzZWQgQXBwcm9hIzEzMjY2NjMAABAACAAAzr5ycQAAABEACAAAz66QKwAAAAEAIAEyZmMBMmcwANknvQAQwOsAEJehAA9tiAAPbW0AAACMAAIAq01hY2ludG9zaCBIRDpVc2VyczoATHVrYXM6AERvY3VtZW50czoAVFUgRHJlc2RlbjoAQmFjaGVsb3IgVGhlc2lzOgBMaXRlcmF0dXJlOgBJbnRlcmFjdGl2ZSBVc2VyLUNvbnRybyMxMzI2NzMwOgBDb25zdHJhaW50LWJhc2VkIEFwcHJvYSMxMzI2NjYzOgBEd3llck1hcnJpb3R0MDlEdW5uYXJ0LnBkZgAADgA2ABoARAB3AHkAZQByAE0AYQByAHIAaQBvAHQAdAAwADkARAB1AG4AbgBhAHIAdAAuAHAAZABmAA8AGgAMAE0AYQBjAGkAbgB0AG8AcwBoACAASABEABIApVVzZXJzL0x1a2FzL0RvY3VtZW50cy9UVSBEcmVzZGVuL0JhY2hlbG9yIFRoZXNpcy9MaXRlcmF0dXJlL0ludGVyYWN0aXZlIFVzZXItQ29udHJvbGxlciBMYXlvdXQvQ29uc3RyYWludC1iYXNlZCBBcHByb2FjaCBieSBNaWNoYWVsIFd5YnJvdy9Ed3llck1hcnJpb3R0MDlEdW5uYXJ0LnBkZgAAEwABLwAAFQACAAz//wAAgAbSGxwdHlokY2xhc3NuYW1lWCRjbGFzc2VzXU5TTXV0YWJsZURhdGGjHR8gVk5TRGF0YVhOU09iamVjdNIbHCIjXE5TRGljdGlvbmFyeaIiIF8QD05TS2V5ZWRBcmNoaXZlctEmJ1Ryb290gAEACAARABoAIwAtADIANwBAAEYATQBVAGAAZwBqAGwAbgBxAHMAdQB3AIQAjgE5AT4BRgQCBAQECQQUBB0EKwQvBDYEPwREBFEEVARmBGkEbgAAAAAAAAIBAAAAAAAAACgAAAAAAAAAAAAAAAAAAARw},
	Bdsk-Url-1 = {http://dx.doi.org/10.1007/978-3-642-00219-9_41}}

@phdthesis{Eichelberger05Aesthetics,
	Author = {Eichelberger, Holger},
	Date-Added = {2014-06-16 09:05:40 +0000},
	Date-Modified = {2014-10-12 16:14:25 +0000},
	School = {Julius Maximilian University of W{\"u}rzburg},
	Title = {Aesthetics and Automatic Layout of UML Class Diagrams},
	Url = {http://opus.bibliothek.uni-wuerzburg.de/files/1260/diss_print.pdf},
	Year = 2005,
	Bdsk-File-1 = {YnBsaXN0MDDUAQIDBAUGJCVYJHZlcnNpb25YJG9iamVjdHNZJGFyY2hpdmVyVCR0b3ASAAGGoKgHCBMUFRYaIVUkbnVsbNMJCgsMDxJXTlMua2V5c1pOUy5vYmplY3RzViRjbGFzc6INDoACgAOiEBGABIAFgAdccmVsYXRpdmVQYXRoWWFsaWFzRGF0YV8QbC4uLy4uLy4uLy4uLy4uL0RvY3VtZW50cy9UVSBEcmVzZGVuL0JhY2hlbG9yIFRoZXNpcy9MaXRlcmF0dXJlL0F1dG9tYXRpYyBMYXlvdXQvRWljaGVsYmVyZ2VyMDVBZXN0aGV0aWNzLnBkZtIXCxgZV05TLmRhdGFPEQI+AAAAAAI+AAIAAAxNYWNpbnRvc2ggSEQAAAAAAAAAAAAAAAAAAADOvoCBSCsAAAEyWTEcRWljaGVsYmVyZ2VyMDVBZXN0aGV0aWNzLnBkZgAAAAAAAAAAAAAAAAAAAAAAAAAAAAAAAAAAAAAAAAAAAAAAANknqM+qMS4AAAAAAAAAAAAFAAYAAAkgAAAAAAAAAAAAAAAAAAAAEEF1dG9tYXRpYyBMYXlvdXQAEAAIAADOvnJxAAAAEQAIAADPqhUOAAAAAQAcATJZMQDZJ70AEMDrABCXoQAPbYgAD21tAAAAjAACAH1NYWNpbnRvc2ggSEQ6VXNlcnM6AEx1a2FzOgBEb2N1bWVudHM6AFRVIERyZXNkZW46AEJhY2hlbG9yIFRoZXNpczoATGl0ZXJhdHVyZToAQXV0b21hdGljIExheW91dDoARWljaGVsYmVyZ2VyMDVBZXN0aGV0aWNzLnBkZgAADgA6ABwARQBpAGMAaABlAGwAYgBlAHIAZwBlAHIAMAA1AEEAZQBzAHQAaABlAHQAaQBjAHMALgBwAGQAZgAPABoADABNAGEAYwBpAG4AdABvAHMAaAAgAEgARAASAGlVc2Vycy9MdWthcy9Eb2N1bWVudHMvVFUgRHJlc2Rlbi9CYWNoZWxvciBUaGVzaXMvTGl0ZXJhdHVyZS9BdXRvbWF0aWMgTGF5b3V0L0VpY2hlbGJlcmdlcjA1QWVzdGhldGljcy5wZGYAABMAAS8AABUAAgAM//8AAIAG0hscHR5aJGNsYXNzbmFtZVgkY2xhc3Nlc11OU011dGFibGVEYXRhox0fIFZOU0RhdGFYTlNPYmplY3TSGxwiI1xOU0RpY3Rpb25hcnmiIiBfEA9OU0tleWVkQXJjaGl2ZXLRJidUcm9vdIABAAgAEQAaACMALQAyADcAQABGAE0AVQBgAGcAagBsAG4AcQBzAHUAdwCEAI4A/QECAQoDTANOA1MDXgNnA3UDeQOAA4kDjgObA54DsAOzA7gAAAAAAAACAQAAAAAAAAAoAAAAAAAAAAAAAAAAAAADug==}}

@article{ShieberKosak93Automating,
	Author = {Stuart M. Shieber and Corey Kosak and Joe Marks},
	Date-Added = {2014-06-16 09:03:11 +0000},
	Date-Modified = {2014-07-20 15:19:42 +0000},
	Journal = {IEEE Transactions on Systems, Man, and Cybernetics},
	Pages = {440-454},
	Title = {Automating the Layout of Network Diagrams with Specified Visual Organization},
	Volume = {24},
	Year = {1993},
	Bdsk-File-1 = {YnBsaXN0MDDUAQIDBAUGJCVYJHZlcnNpb25YJG9iamVjdHNZJGFyY2hpdmVyVCR0b3ASAAGGoKgHCBMUFRYaIVUkbnVsbNMJCgsMDxJXTlMua2V5c1pOUy5vYmplY3RzViRjbGFzc6INDoACgAOiEBGABIAFgAdccmVsYXRpdmVQYXRoWWFsaWFzRGF0YV8Qfi4uLy4uLy4uLy4uLy4uL0RvY3VtZW50cy9UVSBEcmVzZGVuL0JhY2hlbG9yIFRoZXNpcy9MaXRlcmF0dXJlL0ludGVyYWN0aXZlIFVzZXItQ29udHJvbGxlciBMYXlvdXQvU2hpZWJlcktvc2FrOTNBdXRvbWF0aW5nLnBkZtIXCxgZV05TLmRhdGFPEQJuAAAAAAJuAAIAAAxNYWNpbnRvc2ggSEQAAAAAAAAAAAAAAAAAAADOvoCBSCsAAAEyZzAcU2hpZWJlcktvc2FrOTNBdXRvbWF0aW5nLnBkZgAAAAAAAAAAAAAAAAAAAAAAAAAAAAAAAAAAAAAAAAAAAAAAATJnmM+5BtoAAAAAAAAAAAAFAAYAAAkgAAAAAAAAAAAAAAAAAAAAH0ludGVyYWN0aXZlIFVzZXItQ29udHJvIzEzMjY3MzAAABAACAAAzr5ycQAAABEACAAAz7jqugAAAAEAHAEyZzAA2Se9ABDA6wAQl6EAD22IAA9tbQAAAIwAAgCMTWFjaW50b3NoIEhEOlVzZXJzOgBMdWthczoARG9jdW1lbnRzOgBUVSBEcmVzZGVuOgBCYWNoZWxvciBUaGVzaXM6AExpdGVyYXR1cmU6AEludGVyYWN0aXZlIFVzZXItQ29udHJvIzEzMjY3MzA6AFNoaWViZXJLb3NhazkzQXV0b21hdGluZy5wZGYADgA6ABwAUwBoAGkAZQBiAGUAcgBLAG8AcwBhAGsAOQAzAEEAdQB0AG8AbQBhAHQAaQBuAGcALgBwAGQAZgAPABoADABNAGEAYwBpAG4AdABvAHMAaAAgAEgARAASAHtVc2Vycy9MdWthcy9Eb2N1bWVudHMvVFUgRHJlc2Rlbi9CYWNoZWxvciBUaGVzaXMvTGl0ZXJhdHVyZS9JbnRlcmFjdGl2ZSBVc2VyLUNvbnRyb2xsZXIgTGF5b3V0L1NoaWViZXJLb3NhazkzQXV0b21hdGluZy5wZGYAABMAAS8AABUAAgAM//8AAIAG0hscHR5aJGNsYXNzbmFtZVgkY2xhc3Nlc11OU011dGFibGVEYXRhox0fIFZOU0RhdGFYTlNPYmplY3TSGxwiI1xOU0RpY3Rpb25hcnmiIiBfEA9OU0tleWVkQXJjaGl2ZXLRJidUcm9vdIABAAgAEQAaACMALQAyADcAQABGAE0AVQBgAGcAagBsAG4AcQBzAHUAdwCEAI4BDwEUARwDjgOQA5UDoAOpA7cDuwPCA8sD0APdA+AD8gP1A/oAAAAAAAACAQAAAAAAAAAoAAAAAAAAAAAAAAAAAAAD/A==}}

@incollection{Arvo02Techniques,
	Author = {Arvo, James},
	Booktitle = {Graph Drawing},
	Date-Added = {2014-06-16 08:59:04 +0000},
	Date-Modified = {2014-10-12 15:59:41 +0000},
	Editor = {Kobourov, Stephen G. and Goodrich, Michael T.},
	Isbn = {978-3540001584},
	Pages = {380},
	Publisher = {Springer},
	Series = {Lecture Notes in Computer Science},
	Title = {Techniques for Interactive Graph Drawing},
	Volume = {2528},
	Year = {2002},
	Bdsk-File-1 = {YnBsaXN0MDDUAQIDBAUGJCVYJHZlcnNpb25YJG9iamVjdHNZJGFyY2hpdmVyVCR0b3ASAAGGoKgHCBMUFRYaIVUkbnVsbNMJCgsMDxJXTlMua2V5c1pOUy5vYmplY3RzViRjbGFzc6INDoACgAOiEBGABIAFgAdccmVsYXRpdmVQYXRoWWFsaWFzRGF0YV8Qdi4uLy4uLy4uLy4uLy4uL0RvY3VtZW50cy9UVSBEcmVzZGVuL0JhY2hlbG9yIFRoZXNpcy9MaXRlcmF0dXJlL0ludGVyYWN0aXZlIFVzZXItQ29udHJvbGxlciBMYXlvdXQvQXJ2bzAyVGVjaG5pcXVlcy5wZGbSFwsYGVdOUy5kYXRhTxECTgAAAAACTgACAAAMTWFjaW50b3NoIEhEAAAAAAAAAAAAAAAAAAAAzr6AgUgrAAABMmcwFEFydm8wMlRlY2huaXF1ZXMucGRmAAAAAAAAAAAAAAAAAAAAAAAAAAAAAAAAAAAAAAAAAAAAAAAAAAAAAAAAAAEyaW/PqkfSAAAAAAAAAAAABQAGAAAJIAAAAAAAAAAAAAAAAAAAAB9JbnRlcmFjdGl2ZSBVc2VyLUNvbnRybyMxMzI2NzMwAAAQAAgAAM6+cnEAAAARAAgAAM+qK7IAAAABABwBMmcwANknvQAQwOsAEJehAA9tiAAPbW0AAACMAAIAhE1hY2ludG9zaCBIRDpVc2VyczoATHVrYXM6AERvY3VtZW50czoAVFUgRHJlc2RlbjoAQmFjaGVsb3IgVGhlc2lzOgBMaXRlcmF0dXJlOgBJbnRlcmFjdGl2ZSBVc2VyLUNvbnRybyMxMzI2NzMwOgBBcnZvMDJUZWNobmlxdWVzLnBkZgAOACoAFABBAHIAdgBvADAAMgBUAGUAYwBoAG4AaQBxAHUAZQBzAC4AcABkAGYADwAaAAwATQBhAGMAaQBuAHQAbwBzAGgAIABIAEQAEgBzVXNlcnMvTHVrYXMvRG9jdW1lbnRzL1RVIERyZXNkZW4vQmFjaGVsb3IgVGhlc2lzL0xpdGVyYXR1cmUvSW50ZXJhY3RpdmUgVXNlci1Db250cm9sbGVyIExheW91dC9BcnZvMDJUZWNobmlxdWVzLnBkZgAAEwABLwAAFQACAAz//wAAgAbSGxwdHlokY2xhc3NuYW1lWCRjbGFzc2VzXU5TTXV0YWJsZURhdGGjHR8gVk5TRGF0YVhOU09iamVjdNIbHCIjXE5TRGljdGlvbmFyeaIiIF8QD05TS2V5ZWRBcmNoaXZlctEmJ1Ryb290gAEACAARABoAIwAtADIANwBAAEYATQBVAGAAZwBqAGwAbgBxAHMAdQB3AIQAjgEHAQwBFANmA2gDbQN4A4EDjwOTA5oDowOoA7UDuAPKA80D0gAAAAAAAAIBAAAAAAAAACgAAAAAAAAAAAAAAAAAAAPU}}

@inproceedings{MaierMinas10Combination,
	Author = {Maier, Sonja and Minas, Mark},
	Booktitle = {Proceedings of the 2nd International Workshop on Visual Formalisms for Patterns},
	Date-Added = {2014-06-16 08:23:18 +0000},
	Date-Modified = {2014-10-12 16:31:37 +0000},
	Editor = {Bottoni, Paolo and Guerra, Esther and Lara de Juan},
	Series = {Electronic Communications of the EASST},
	Title = {Combination of Different Layout Approaches},
	Volume = 31,
	Year = 2010,
	Bdsk-File-1 = {YnBsaXN0MDDUAQIDBAUGJCVYJHZlcnNpb25YJG9iamVjdHNZJGFyY2hpdmVyVCR0b3ASAAGGoKgHCBMUFRYaIVUkbnVsbNMJCgsMDxJXTlMua2V5c1pOUy5vYmplY3RzViRjbGFzc6INDoACgAOiEBGABIAFgAdccmVsYXRpdmVQYXRoWWFsaWFzRGF0YV8Qoy4uLy4uLy4uLy4uLy4uL0RvY3VtZW50cy9UVSBEcmVzZGVuL0JhY2hlbG9yIFRoZXNpcy9MaXRlcmF0dXJlL0ludGVyYWN0aXZlIFVzZXItQ29udHJvbGxlciBMYXlvdXQvUGF0dGVybi1iYXNlZCBBcHByb2FjaCBieSBTb25qYSBNYWllci9NYWllck1pbmFzMTBDb21iaW5hdGlvbi5wZGbSFwsYGVdOUy5kYXRhTxECtAAAAAACtAACAAAMTWFjaW50b3NoIEhEAAAAAAAAAAAAAAAAAAAAzr6AgUgrAAABMmYGG01haWVyTWluYXMxMENvbWJpbmF0aW9uLnBkZgAAAAAAAAAAAAAAAAAAAAAAAAAAAAAAAAAAAAAAAAAAAAAAAAFIG+/PqjmNAAAAAAAAAAAABQAHAAAJIAAAAAAAAAAAAAAAAAAAAB9QYXR0ZXJuLWJhc2VkIEFwcHJvYWNoICMxMzI2NjA2AAAQAAgAAM6+cnEAAAARAAgAAM+qHW0AAAABACABMmYGATJnMADZJ70AEMDrABCXoQAPbYgAD21tAAAAjAACAKxNYWNpbnRvc2ggSEQ6VXNlcnM6AEx1a2FzOgBEb2N1bWVudHM6AFRVIERyZXNkZW46AEJhY2hlbG9yIFRoZXNpczoATGl0ZXJhdHVyZToASW50ZXJhY3RpdmUgVXNlci1Db250cm8jMTMyNjczMDoAUGF0dGVybi1iYXNlZCBBcHByb2FjaCAjMTMyNjYwNjoATWFpZXJNaW5hczEwQ29tYmluYXRpb24ucGRmAA4AOAAbAE0AYQBpAGUAcgBNAGkAbgBhAHMAMQAwAEMAbwBtAGIAaQBuAGEAdABpAG8AbgAuAHAAZABmAA8AGgAMAE0AYQBjAGkAbgB0AG8AcwBoACAASABEABIAoFVzZXJzL0x1a2FzL0RvY3VtZW50cy9UVSBEcmVzZGVuL0JhY2hlbG9yIFRoZXNpcy9MaXRlcmF0dXJlL0ludGVyYWN0aXZlIFVzZXItQ29udHJvbGxlciBMYXlvdXQvUGF0dGVybi1iYXNlZCBBcHByb2FjaCBieSBTb25qYSBNYWllci9NYWllck1pbmFzMTBDb21iaW5hdGlvbi5wZGYAEwABLwAAFQACAAz//wAAgAbSGxwdHlokY2xhc3NuYW1lWCRjbGFzc2VzXU5TTXV0YWJsZURhdGGjHR8gVk5TRGF0YVhOU09iamVjdNIbHCIjXE5TRGljdGlvbmFyeaIiIF8QD05TS2V5ZWRBcmNoaXZlctEmJ1Ryb290gAEACAARABoAIwAtADIANwBAAEYATQBVAGAAZwBqAGwAbgBxAHMAdQB3AIQAjgE0ATkBQQP5A/sEAAQLBBQEIgQmBC0ENgQ7BEgESwRdBGAEZQAAAAAAAAIBAAAAAAAAACgAAAAAAAAAAAAAAAAAAARn},
	Bdsk-Url-1 = {http://journal.ub.tu-berlin.de/eceasst/article/view/558}}

@inproceedings{MaierMinas10Interactive,
	Acmid = {1754111},
	Address = {New York, NY, USA},
	Author = {Maier, Sonja and Minas, Mark},
	Booktitle = {CHI '10 Extended Abstracts on Human Factors in Computing Systems},
	Date-Added = {2014-06-16 08:18:40 +0000},
	Date-Modified = {2014-07-20 15:19:42 +0000},
	Doi = {10.1145/1753846.1754111},
	Isbn = {978-1-60558-930-5},
	Location = {Atlanta, Georgia, USA},
	Numpages = {6},
	Pages = {4111--4116},
	Publisher = {ACM},
	Series = {CHI EA '10},
	Title = {Interactive Diagram Layout},
	Url = {http://doi.acm.org/10.1145/1753846.1754111},
	Year = {2010},
	Bdsk-File-1 = {YnBsaXN0MDDUAQIDBAUGJCVYJHZlcnNpb25YJG9iamVjdHNZJGFyY2hpdmVyVCR0b3ASAAGGoKgHCBMUFRYaIVUkbnVsbNMJCgsMDxJXTlMua2V5c1pOUy5vYmplY3RzViRjbGFzc6INDoACgAOiEBGABIAFgAdccmVsYXRpdmVQYXRoWWFsaWFzRGF0YV8Qoy4uLy4uLy4uLy4uLy4uL0RvY3VtZW50cy9UVSBEcmVzZGVuL0JhY2hlbG9yIFRoZXNpcy9MaXRlcmF0dXJlL0ludGVyYWN0aXZlIFVzZXItQ29udHJvbGxlciBMYXlvdXQvUGF0dGVybi1iYXNlZCBBcHByb2FjaCBieSBTb25qYSBNYWllci9NYWllck1pbmFzMTBJbnRlcmFjdGl2ZS5wZGbSFwsYGVdOUy5kYXRhTxECtAAAAAACtAACAAAMTWFjaW50b3NoIEhEAAAAAAAAAAAAAAAAAAAAzr6AgUgrAAABMmYGG01haWVyTWluYXMxMEludGVyYWN0aXZlLnBkZgAAAAAAAAAAAAAAAAAAAAAAAAAAAAAAAAAAAAAAAAAAAAAAAADZOC3PqjFdAAAAAAAAAAAABQAHAAAJIAAAAAAAAAAAAAAAAAAAAB9QYXR0ZXJuLWJhc2VkIEFwcHJvYWNoICMxMzI2NjA2AAAQAAgAAM6+cnEAAAARAAgAAM+qFT0AAAABACABMmYGATJnMADZJ70AEMDrABCXoQAPbYgAD21tAAAAjAACAKxNYWNpbnRvc2ggSEQ6VXNlcnM6AEx1a2FzOgBEb2N1bWVudHM6AFRVIERyZXNkZW46AEJhY2hlbG9yIFRoZXNpczoATGl0ZXJhdHVyZToASW50ZXJhY3RpdmUgVXNlci1Db250cm8jMTMyNjczMDoAUGF0dGVybi1iYXNlZCBBcHByb2FjaCAjMTMyNjYwNjoATWFpZXJNaW5hczEwSW50ZXJhY3RpdmUucGRmAA4AOAAbAE0AYQBpAGUAcgBNAGkAbgBhAHMAMQAwAEkAbgB0AGUAcgBhAGMAdABpAHYAZQAuAHAAZABmAA8AGgAMAE0AYQBjAGkAbgB0AG8AcwBoACAASABEABIAoFVzZXJzL0x1a2FzL0RvY3VtZW50cy9UVSBEcmVzZGVuL0JhY2hlbG9yIFRoZXNpcy9MaXRlcmF0dXJlL0ludGVyYWN0aXZlIFVzZXItQ29udHJvbGxlciBMYXlvdXQvUGF0dGVybi1iYXNlZCBBcHByb2FjaCBieSBTb25qYSBNYWllci9NYWllck1pbmFzMTBJbnRlcmFjdGl2ZS5wZGYAEwABLwAAFQACAAz//wAAgAbSGxwdHlokY2xhc3NuYW1lWCRjbGFzc2VzXU5TTXV0YWJsZURhdGGjHR8gVk5TRGF0YVhOU09iamVjdNIbHCIjXE5TRGljdGlvbmFyeaIiIF8QD05TS2V5ZWRBcmNoaXZlctEmJ1Ryb290gAEACAARABoAIwAtADIANwBAAEYATQBVAGAAZwBqAGwAbgBxAHMAdQB3AIQAjgE0ATkBQQP5A/sEAAQLBBQEIgQmBC0ENgQ7BEgESwRdBGAEZQAAAAAAAAIBAAAAAAAAACgAAAAAAAAAAAAAAAAAAARn}}

@phdthesis{Maier12A-Pattern-based,
	Author = {Maier, Sonja},
	Date-Added = {2014-06-15 17:03:46 +0000},
	Date-Modified = {2014-08-01 07:54:08 +0000},
	Read = {0},
	School = {Universit{\"a}tsbibliothek der Universit{\"a}t der Bundeswehr},
	Title = {A Pattern-based Approach for the Combination of Different Layout Algorithms in Diagram Editors},
	Url = {http://athene.bibl.unibw-muenchen.de:8081/doc/90423/90423.pdf},
	Year = {2012},
	Bdsk-File-1 = {YnBsaXN0MDDUAQIDBAUGJCVYJHZlcnNpb25YJG9iamVjdHNZJGFyY2hpdmVyVCR0b3ASAAGGoKgHCBMUFRYaIVUkbnVsbNMJCgsMDxJXTlMua2V5c1pOUy5vYmplY3RzViRjbGFzc6INDoACgAOiEBGABIAFgAdccmVsYXRpdmVQYXRoWWFsaWFzRGF0YV8Qoi4uLy4uLy4uLy4uLy4uL0RvY3VtZW50cy9UVSBEcmVzZGVuL0JhY2hlbG9yIFRoZXNpcy9MaXRlcmF0dXJlL0ludGVyYWN0aXZlIFVzZXItQ29udHJvbGxlciBMYXlvdXQvUGF0dGVybi1iYXNlZCBBcHByb2FjaCBieSBTb25qYSBNYWllci9NYWllcjEyQS1QYXR0ZXJuLWJhc2VkLnBkZtIXCxgZV05TLmRhdGFPEQKyAAAAAAKyAAIAAAxNYWNpbnRvc2ggSEQAAAAAAAAAAAAAAAAAAADOvoCBSCsAAAEyZgYaTWFpZXIxMkEtUGF0dGVybi1iYXNlZC5wZGYAAAAAAAAAAAAAAAAAAAAAAAAAAAAAAAAAAAAAAAAAAAAAAAAAAWVhrM+qOJkAAAAAAAAAAAAFAAcAAAkgAAAAAAAAAAAAAAAAAAAAH1BhdHRlcm4tYmFzZWQgQXBwcm9hY2ggIzEzMjY2MDYAABAACAAAzr5ycQAAABEACAAAz6oceQAAAAEAIAEyZgYBMmcwANknvQAQwOsAEJehAA9tiAAPbW0AAACMAAIAq01hY2ludG9zaCBIRDpVc2VyczoATHVrYXM6AERvY3VtZW50czoAVFUgRHJlc2RlbjoAQmFjaGVsb3IgVGhlc2lzOgBMaXRlcmF0dXJlOgBJbnRlcmFjdGl2ZSBVc2VyLUNvbnRybyMxMzI2NzMwOgBQYXR0ZXJuLWJhc2VkIEFwcHJvYWNoICMxMzI2NjA2OgBNYWllcjEyQS1QYXR0ZXJuLWJhc2VkLnBkZgAADgA2ABoATQBhAGkAZQByADEAMgBBAC0AUABhAHQAdABlAHIAbgAtAGIAYQBzAGUAZAAuAHAAZABmAA8AGgAMAE0AYQBjAGkAbgB0AG8AcwBoACAASABEABIAn1VzZXJzL0x1a2FzL0RvY3VtZW50cy9UVSBEcmVzZGVuL0JhY2hlbG9yIFRoZXNpcy9MaXRlcmF0dXJlL0ludGVyYWN0aXZlIFVzZXItQ29udHJvbGxlciBMYXlvdXQvUGF0dGVybi1iYXNlZCBBcHByb2FjaCBieSBTb25qYSBNYWllci9NYWllcjEyQS1QYXR0ZXJuLWJhc2VkLnBkZgAAEwABLwAAFQACAAz//wAAgAbSGxwdHlokY2xhc3NuYW1lWCRjbGFzc2VzXU5TTXV0YWJsZURhdGGjHR8gVk5TRGF0YVhOU09iamVjdNIbHCIjXE5TRGljdGlvbmFyeaIiIF8QD05TS2V5ZWRBcmNoaXZlctEmJ1Ryb290gAEACAARABoAIwAtADIANwBAAEYATQBVAGAAZwBqAGwAbgBxAHMAdQB3AIQAjgEzATgBQAP2A/gD/QQIBBEEHwQjBCoEMwQ4BEUESARaBF0EYgAAAAAAAAIBAAAAAAAAACgAAAAAAAAAAAAAAAAAAARk}}

@comment{BibDesk Static Groups{
<?xml version="1.0" encoding="UTF-8"?>
<!DOCTYPE plist PUBLIC "-//Apple//DTD PLIST 1.0//EN" "http://www.apple.com/DTDs/PropertyList-1.0.dtd">
<plist version="1.0">
<array>
	<dict>
		<key>group name</key>
		<string>Aesthetics</string>
		<key>keys</key>
		<string>Ambler05The-Elements,ShieberKosak93Automating,Eichelberger05Aesthetics,Siebenhaller03Automatisches,EichelbergerSchmid09Guidelines</string>
	</dict>
	<dict>
		<key>group name</key>
		<string>Automatic Layout</string>
		<key>keys</key>
		<string>Siebenhaller03Automatisches,Olsen10OmniGraffle,Eiglsperger04Automatic,Eichelberger05Aesthetics,NorthGansner14Dot-Manual,ShieberKosak93Automating,Roques10Drawing,EiglspergerKaufmanna03A-Topology-Shape-Metrics,Gansner14Using</string>
	</dict>
	<dict>
		<key>group name</key>
		<string>Constraint-based Approach</string>
		<key>keys</key>
		<string>Wybrow08Using,DwyerMarriott08Interactive,DwyerMarriott09Dunnart:</string>
	</dict>
	<dict>
		<key>group name</key>
		<string>Interactive User-Controller Layout</string>
		<key>keys</key>
		<string>MaierMinas10Interactive,Maier12A-Pattern-based,Wybrow08Using,Eiglsperger04Automatic,MaierMinas13A-Pattern-based,MaierMinas10Combination,Arvo02Techniques,DwyerMarriott08Interactive,GladischSchumann14Semi-Automatic,DwyerMarriott09Dunnart:,SeyboldGlinz03An-Effective</string>
	</dict>
	<dict>
		<key>group name</key>
		<string>Manual Layout</string>
		<key>keys</key>
		<string>11Keynote,Olsen10OmniGraffle,08OmniGraffle,14Visual</string>
	</dict>
	<dict>
		<key>group name</key>
		<string>Not Cited</string>
		<key>keys</key>
		<string>Fowler03UML-as-Sketch,EiglspergerKaufmanna03A-Topology-Shape-Metrics,DwyerMarriott09Dunnart:,Germano99Graph,MaierMinas10Interactive</string>
	</dict>
	<dict>
		<key>group name</key>
		<string>Pattern-based Approach</string>
		<key>keys</key>
		<string>Maier12A-Pattern-based,MaierMinas10Combination,MaierMinas13A-Pattern-based,MaierMinas10Interactive</string>
	</dict>
	<dict>
		<key>group name</key>
		<string>Prototype Implementation</string>
		<key>keys</key>
		<string></string>
	</dict>
	<dict>
		<key>group name</key>
		<string>UML Class Diagrams</string>
		<key>keys</key>
		<string>Ambler05The-Elements,ArlowNeustadt05UML-2-and-the-Unified,Eiglsperger04Automatic,Eichelberger05Aesthetics,Ambler04UML-2-Class,EichelbergerSchmid09Guidelines,Ambler02Agile,Siebenhaller03Automatisches,EiglspergerKaufmanna03A-Topology-Shape-Metrics</string>
	</dict>
</array>
</plist>
}}
